@misc{SP800-90Ar1,
author = "Elaine Barker and John Kelsey",
title = "{Recommendation for Random Number Generation Using Deterministic Random Bit Generators}",
month = jun,
year = 2015,
note = "{NIST Special Publication 800-90A Revision 1.  \url{http://nvlpubs.nist.gov/nistpubs/SpecialPublications/NIST.SP.800-90Ar1.pdf}}"
}
@misc{IEEE-double-precision,
author = "{Wikipedia}",
title = "{Double precision floating point format}",
note = "{\url{https://en.wikipedia.org/wiki/Double-precision_floating-point_format}}",
}
@misc{gmp-manual,
author = "{Torbj\"{o}rn Granlund and the GMP development Team}",
title = "{The GNU Multiple Precision Arithmetic Library}",
note = "{Edition 6.1.2.  16 December 2016.  \url{https://gmplib.org/gmp-man-6.1.2.pdf}}"
}
@MISC{Menezes97handbookof,
    author = "{Alfred J. Menezes and Paul C. Van Oorschot and Scott A. Vanstone and R. L. Rivest}",
    title = "{Handbook of Applied Cryptography}",
    year = 1997,
note = "{Chapters available online at \url{http://cacr.uwaterloo.ca/hac/}}"
}
@misc{ecmascript51,
author = "{ECMA}",
title = "{ECMAScript Language Specification}",
note = "{ECMA-262 5.1 Edition, June 2011. \url{http://www.ecma-international.org/ecma-262/5.1/Ecma-262.pdf}}"
}
@misc{FIPS180-4,
author = "{NIST}",
title = "{Secure Hash Standard (SHS)}",
month = "March",
year = 2012,
note = "{FIPS PUB 180-4, \url{http://csrc.nist.gov/publications/fips/fips180-4/fips-180-4.pdf}}"
}
@misc{FIPS198-1,
author = "{NIST}",
title = "{The Keyed-Hash Message Authentication Code (HMAC)}",
month = "July",
year = 2008,
note = "{FIPS PUB 198-1, \url{http://csrc.nist.gov/publications/fips/fips198-1/FIPS-198-1_final.pdf}}"
}
@misc{FIPS180-4-2015,
author = "{NIST}",
title = "{Secure Hash Standard (SHS)}",
month = aug,
year = 2015,
note = "{FIPS PUB 180-4, \url{http://nvlpubs.nist.gov/nistpubs/FIPS/NIST.FIPS.180-4.pdf}}"
}
@inproceedings{ScheirerBishopBoultBeyondPKI,
author = {W. Scheirer and B. Bishop and T. Boult},
title = {{Beyond PKI: The Biocryptographic Key Infrastructure}},
booktitle = {IEEE International Workshop on Information Forensics and Security},
year = {2010},
doi = {10.1109/WIFS.2010.5711435},
masid = {48870678}
}
@misc{TheofanosUsability,
author = "Mary Theofanos and Brian Stanton",
title = "{Designing Key Management with Usability in Mind}",
note = "{Presentation at the NIST Cryptographic Key Management Workshop, September 2102, \url{http://csrc.nist.gov/groups/ST/key_mgmt/documents/Sept2012_Presentations/THEOFANOS_keymanagement_usability_2012.pdf}}"
}
@misc{GraphicOTP,
author = "{Confident Technologies Delivers Image-Based, Multifactor Authentication to Strengthen Passwords on Public-Facing Websites}",
note = "{October 2010.\\ \url{http://www.marketwire.com/press-release/Confident-Technologies-Delivers-Image-Based-Multifactor-Authentication-Strengthen-Passwords-1342854.htm}}"
}
@misc{GoogleTwoFactorAuthn,
author = "{Google}",
title = "{Advanced sign-in security for your Google account}",
note = "{February 10, 2011. \url{http://googleblog.blogspot.com/2011/02/advanced-sign-in-security-for-your.html}}"
}
@misc{RFC4251,
author = "{T. Ylonen}",
editor = "{C. Lonvick}",
title = "{The Secure Shell (SSH) Protocol Architecture}",
month = jan,
year = 2006,
note = "{\url{http://tools.ietf.org/html/rfc4251}}"
}
@misc{SecurIDBreachRSA,
author = "{Arthur W. Coviello, Jr.}",
title = "{Open Letter to RSA Customers}",
note = "{\url{http://www.rsa.com/node.aspx?id=3872}}"
}
@misc{SecurIDBreach,
author = "John Markoff",
title = "{SecurID Company Suffers a Breach of Data Security}",
note = "{March 17, 2011. \url{http://www.nytimes.com/2011/03/18/technology/18secure.html}}"
}
@misc{SecurIDBreachCNET,
author = "Elinor Mills",
title = "{Attack on RSA used zero-day Flash exploit in Excel}",
note = "{April 5, 2011. \url{http://news.cnet.com/8301-27080_3-20051071-245.html}}"
}
@misc{RFC4226,
author = "D. M'Raihi and M. Bellare and F. Hoornaert and D. Naccache and O. Ranen",
title = "{HOTP: An HMAC-Based One-Time Password Algorithm}",
month = dec,
year = 2005,
note = "{\url{http://tools.ietf.org/html/rfc4226}}"
}
@misc{ComodoCompromise,
author = "{Phillip Hallam-Baker}",
title = "{The Recent RA Compromise}",
note = "{March 23, 2011. \url{http://blogs.comodo.com/it-security/data-security/the-recent-ra-compromise/}}"
}
@misc{SecurID,
author = "{EMC}",
title = "{RSA SecurID Hardware Authenticators}",
note = "{\url{http://www.emc.com/security/rsa-securid/rsa-securid-hardware-authenticators.htm}}"
}
@misc{BrowserHidesRPFromIdP,
author = "F. Corella and K. P. Lewison",
title = "{Achieving the Privacy Goals of NSTIC in the Short Term}",
month = may,
year = 2011,
note = "{\url{http://pomcor.com/whitepapers/NSTICWhitePaper.pdf}}"
}
@misc{AnilJohnPrivacyInIdentityFederations,
author = "{Anil John}",
title = "{Challenges in Operationalizing Privacy in Identity Federations}",
note = "{September 30, 2012. \url{http://info.idmanagement.gov/2012/09/challenges-in-operationalizing-privacy.html}}"
}
@misc{AnilJohnProxyHidesRPFromIdP,
author = "{Anil John}",
title = "{Challenges in Operationalizing Privacy in Identity Federations - Part 2}",
note = "{October 8, 2012. \url{http://info.idmanagement.gov/2012/10/challenges-in-operationalizing-privacy.html}}"
}
@misc{AWSMarketplace,
author = "{Amazon Web Services}",
title = "{AWS Marketplace}",
note = "{\url{https://aws.amazon.com/marketplace/}}"
}
@misc{NetscapeCookies,
author = "{Netscape}",
title = "{Persistent Client State HTTP Cookies}",
note = "{Available at \url{http://curl.haxx.se/rfc/cookie_spec.html}}"
}
@misc{SELinux,
author = "{NSA}",
title = "{SELinux}",
note = "{\url{http://marc.info/?l=selinux&m=132588456202123&w=2}}"
}
@misc{SuiteB,
author = "{NSA}",
title = "{Suite B Cryptography}",
note = "{\url{http://www.nsa.gov/ia/programs/suiteb_cryptography/index.shtml}}"
}
@misc{RFC2898,
author = "B. Kaliski",
title = "{PKCS \#5: Password-Based Cryptography Specification Version 2.0}",
month = sep,
year = 2000,
note = "{\url{http://tools.ietf.org/html/rfc2898}}"
}
@misc{PowerConsumptionSlides,
author = "A. Carroll and G. Heiser",
title = "An Analysis of Power Consumption in a Smartphone",
year = 2010,
note = "{Slides presented at USENIX 2010. \url{http://ssrg.nicta.com.au/publications/papers/Carroll_Heiser_10.pdf}}"
}
@misc{PowerConsumptionPaper,
author = "A. Carroll and G. Heiser",
title = "An Analysis of Power Consumption in a Smartphone",
note = "{Paper Originally Published in Proceedings of USENIX 2010. \url{http://ssrg.nicta.com.au/publications/papers/Carroll_Heiser_10.pdf}}"
}
@misc{SP800-90A,
author = "Elaine Barker and John Kelsey",
title = "{Recommendation for Random Number Generation Using Deterministic Random Bit Generators}",
month = jan,
year = 2012,
note = "{NIST Special Publication 800-90A}"
}
@misc{PuttingFedInFederation,
author = "Naomi Lefkovitz",
title = "{Putting the Fed in Federation: The U.S. Government as Early Adopter of the Identity Ecosystem}",
note = "February 1, 2013.
{\tt http://nstic.blogs.govdelivery.com/2013}
{\tt /02/01/putting-the-fed-in-federation-the-u-s-government-as-early-adopter-of-} 
{\tt the-identity-ecosystem/}"
}
@misc{FCCX,
author = "{USPS}",
title = "{Federal Cloud Credential Exchange}",
note = "{\url{https://www.fbo.gov/index?s=opportunity&mode=form&id=ff8165de74803601030a82f69f473d5c&tab=core&_cview=1}}"
}
@misc{SugarBeetAuctions,
author = "Thomas Toft",
title = "{The Danish Sugar Beet Auctions}",
month = dec,
year = 2012,
note = "{\url{http://csrc.nist.gov/groups/ST/PEC2011/presentations2011/toft.pdf}}"
}
@misc{ABC4Trust,
author = "{ABC4Trust Consortium}",
title = "{Attribute-based Credentials for Trust}",
note = "{\url{https://abc4trust.eu/index.php/home/}}"
}
@misc{NSTICPrivacyCoordination,
author = "{NSTIC}",
title = "{The Identity Ecosystem Steering Group Privacy Coordination Standing Committee}",
note = "{\url{http://www.nist.gov/nstic/reports/Privacy-Coordination-Committee-White-Paper.pdf}}"
}
@misc{LawsOfIdentity,
author = "Kim Cameron",
title = "{The Laws of Identity}",
month = may,
year = 2005,
note = "{\url{http://www.identityblog.com/stories/2005/05/13/TheLawsOfIdentity.pdf}}"
}
@book{HandbookUsabilityTesting,
author = "Jeffrey Rubin and Dana Chisnell",
title = "Handbook of Usability Testing",
year = 2008,
publisher = "Wiley Publishing"
}
@book{MeasuringUserExperience,
author = "Tom Tullis and Bill Albert",
title = "Measuring the Use Experience",
year = 2008,
publisher = "Elsevier"
}
@inproceedings{CamenischDamgard00,
  author    = {Jan Camenisch and
               Ivan Damg{\aa}rd},
  title     = {Verifiable Encryption, Group Encryption, and Their Applications
               to Separable Group Signatures and Signature Sharing Schemes},
  booktitle = {ASIACRYPT},
  year      = {2000},
  pages     = {331-345},
  note = "{Available as a Technical Report at \url{http://www.brics.dk/RS/98/32/BRICS-RS-98-32.pdf}}"
}
@inproceedings{CamenischShoup03,
  title = {Practical Verifiable Encryption and Decryption of Discrete Logarithms}, 
  author = {Jan Camenisch and Victor Shoup}, 
  booktitle = {Proceedings of {CRYPTO} 2003}, 
  year = {2003}, 
  pages = {126--144}, 
  publisher = {Springer Verlag, LNCS 2729}, 
note = "{Full length paper available at \url{http://www.shoup.net/papers/verenc.pdf}}"
}
@inproceedings{DBLP:conf/securecomm/MostowskiV11,
  author    = "Wojciech Mostowski and Pim Vullers",
  title     = "{Efficient U-Prove Implementation for Anonymous Credentials
               on Smart Cards}",
  booktitle = {SecureComm},
  year      = {2011},
  pages     = {243-260},
note = "{\url{http://www.cs.ru.nl/~pim/publications/2011_securecomm.pdf}}"
}
@article{Schnorr91,
author = {Claus-peter Schnorr},
title = {{Efficient Signature Generation by Smart Cards}},
journal = {Journal of Cryptology},
volume = {4},
year = {1991},
pages = {161--174},
issue = {3}
}
@inproceedings{BaricPfitzmann97,
  author    = {Niko Bari and
               Birgit Pfitzmann},
  title     = {Collision-Free Accumulators and Fail-Stop Signature Schemes
               Without Trees},
  booktitle = {EUROCRYPT},
  year      = {1997},
  pages     = {480-494}
}
@inproceedings{BenalohDeMare93,
  author    = {Josh Cohen Benaloh and
               Michael de Mare},
  title     = {One-Way Accumulators: A Decentralized Alternative to Digital
               Sinatures (Extended Abstract)},
  booktitle = {EUROCRYPT},
  year      = {1993},
  pages     = {274-285}
}
@inproceedings{Ateniese00,
  author    = {Giuseppe Ateniese and
               Jan Camenisch and
               Marc Joye and
               Gene Tsudik},
  title     = {A Practical and Provably Secure Coalition-Resistant Group
               Signature Scheme},
  booktitle = {CRYPTO},
  year      = {2000},
  pages     = {255-270},
}
@inproceedings{LibertPetersYung12,
  author    = {Beno\^{\i}t Libert and
               Thomas Peters and
               Moti Yung},
  title     = {Group Signatures with Almost-for-Free Revocation},
  booktitle = {CRYPTO},
  year      = {2012},
  pages     = {571-589},
note = {Full version available at \url{http://eprint.iacr.org/2012/442}}
}
@article{NaorNaorLotspiech,
author = {Dalit Naor and Moni Naor and Jeffery Lotspiech},
title = {{Revocation and Tracing Schemes for Stateless Receivers}},
journal = {Electronic Colloquium on Computational Complexity},
year = {2002},
issue = {043},
masid = {782064}
}                  
@inproceedings{LysyanskayaRivestSahaiWolf,
author = "Anna Lysyanskaya and Ronald L. Rivest and Amit Sahai and Stefan Wolf",
title = {Pseudonym Systems},
booktitle = {Selected Areas in Cryptography},
year = {1999},
pages = {184--199}
}
@misc{FIPPs,
author = "{Federal Trade Commission}",
title = "{Fair Information Practice Principles}",
note = "{\url{http://www.ftc.gov/reports/privacy3/fairinfo.shtm}}"
}
@misc{ISO25062,
author = "{ISO/IEC 25062:2006}",
title = "{Common Industry Format (CIF) for usability test reports}",
note = "{Available from iso.org}"
}
@misc{ISO9241-210,
author = "{ISO 9241-210:2010}",
title = "{Ergonomics of human-system interaction --- Part 210: Human-centred design for interactive systems}",
note = "{Available from iso.org}"
}
@misc{LandauMoore10,
author = "Susan Landay and Tyler Moore",
title = "{Economic Tussles in Federated Identity Management}",
month = oct,
year = 2012,
note = "{\url{http://www.firstmonday.org/htbin/cgiwrap/bin/ojs/index.php/fm/article/view/4254/3340}}"
}
@inproceedings{SauroKindlund05,
author = "Jeff Sauro and Erika Kindlund",
title = {{A method to standardize usability metrics into a single score}},
booktitle = {Computer Human Interaction},
year = {2005},
pages = {401--409}
}                  
@misc{SauroSUM,
author = "Jeff Sauro",
title = "{SUM: Single Usability Metric}",
note = "{\url{http://www.measuringusability.com/SUM/}}"
}
@article{Chaum81,
  author    = {David Chaum},
  title     = {Untraceable Electronic Mail, Return Addresses, and Digital
               Pseudonyms},
  journal   = {Commun. ACM},
  volume    = {24},
  number    = {2},
  year      = {1981},
  pages     = {84-88},
  ee        = {http://doi.acm.org/10.1145/358549.358563},
  bibsource = {DBLP, http://dblp.uni-trier.de}
}
@article{Chaum85,
  author    = {David Chaum},
  title     = {Security Without Identification: Transaction Systems to
               Make Big Brother Obsolete},
  journal   = {Commun. ACM},
  volume    = {28},
  number    = {10},
  year      = {1985},
  pages     = {1030-1044},
  ee        = {http://doi.acm.org/10.1145/4372.4373},
  bibsource = {DBLP, http://dblp.uni-trier.de}
}
@misc{Pfitzmann10,
author = {Andreas Pfitzmann and Marit Hansen},
title = {{A terminology for talking about privacy by data minimization: Anonymity,Unlinkability, Undetectability, Unobservability, Pseudonymity, andIdentity Management}},
year = {2010},
note = "{Version 0.34 \url{http://dud.inf.tu-dresden.de/literatur/Anon_Terminology_v0.34.pdf}}"
}
@inproceedings{ChaumEvertseGraafPeralta86,
  author    = {David Chaum and
               Jan-Hendrik Evertse and
               Jeroen van de Graaf and
               Ren{\'e} Peralta},
  title     = {Demonstrating Possession of a Discrete Logarithm Without
               Revealing It},
  booktitle = {CRYPTO},
  year      = {1986},
  pages     = {200-212}
}
@inproceedings{GoldbergWagnerBrewer97,
  title = "{Privacy-enhancing Technologies for the Internet}", 
  author = {Ian Goldberg and David Wagner and Eric Brewer}, 
  booktitle = {Proceedings of the 42nd IEEE Spring COMPCON}, 
  year = {1997}, 
  month = {February}, 
  publisher = {IEEE Computer Society Press}, 
  isbn = {0-8186-7804-6}, 
  www_tags = {selected}, 
  www_ps_url = {http://www.cs.berkeley.edu/~daw/papers/privacy-compcon97.ps}, 
  www_section = {Misc}, 
}
@misc{AnilJohnUnobservability,
author = "Anil John",
title = "{Challenges in Operationalizing Privacy in Identity Federations}",
note = "{FICAM blog post, September 30, 2012. \url{http://info.idmanagement.gov/2012/09/challenges-in-operationalizing-privacy.html}}"
}
@misc{ReportOnCKMWorkshop,
author = "Francisco Corella",
title = "{Report on the NIST Cryptographic Key Management Workshop}",
note = "{Pomcor blog post, September 25, 2012.  \url{http://pomcor.com/2012/09/25/report-on-the-nist-cryptographic-key-management-workshop/}}"
}
@inproceedings{CorellaWIESS,
author = {Francisco Corella},
title = {{A Fast Implementation of DES and Triple-DES on PA-RISC 2.0}},
booktitle = {Workshop on Industrial Experiences with Systems Software},
year = {2000},
pages = {83--84},
masid = {1876966}
}                  
@article{WhatHoldsInAContext,
author = {Francisco Corella},
title = {{What Holds in a Context?}},
journal = {Journal of Automated Reasoning},
volume = {10},
year = {1993},
pages = {79--93},
issue = {1},
doi = {10.1007/BF00881865},
masid = {736054}
}
@article{CorellaIEEETransComp,
author = {Francisco Corella},
title = {{Automated Verification of Behavioral Equivalence for Microprocessors}},
journal = {IEEE Transactions on Computers},
volume = {43},
year = {1994},
pages = {115--117},
issue = {1},
doi = {10.1109/12.250616},
masid = {715020}
}
@article{CorellaFMSD,
author = {Francisco Corella and Zijian Zhou and Xiaoyu Song and Michel Langevin and Eduard Cerny},
title = {{Multiway Decision Graphs for Automated Hardware Verification}},
journal = {Formal Methods in System Design},
volume = {10},
year = {1997},
pages = {7--46},
issue = {1},
masid = {782476}
}
@article{CorellaLewisonDigitalImaging,
author = {Francisco Corella and Karen P. Lewison and Mohammed Talukder},
title = {{A Teleradiology Architecture Featuring Security and High Performance}},
journal = {Journal of Digital Imaging},
volume = {15},
year = {2002},
pages = {214--215},
issue = {0},
doi = {10.1007/s10278-002-5017-x},
masid = {15231128}
}
@misc{SP800-130,
author = {Elaine Barker and Miles Smid and Dennis Branstad and Santosh Chokhani},
title = {{NIST SP800-130 A Framework for Designing Cryptographic Key Management Systems}},
month = apr,
year = 2012,
note = "{Second draft \url{http://csrc.nist.gov/publications/drafts/800-130/second-draft_sp-800-130_april-2012.pdf}}"
}
@misc{RFC6749,
author = "D. Hardt",
title = "{The OAuth 2.0 Authorization Framework}",
month = oct,
year = 2012,
note = "{\url{http://tools.ietf.org/html/rfc6749}}"
}
@misc{SAMLSec,
author = "{F. Hirsch et al.}",
title = "{Security Assertion Markup Language (SAML) V2.0 Technical Overview}",
month = mar,
year = 2008,
note = "{\url{https://www.oasis-open.org/committees/download.php/27819/sstc-saml-tech-overview-2.0-cd-02.pdf}}"
}
@inproceedings{GrossSAMLSecAna,
author = {Thomas Groß},
title = {{Security Analysis of the SAML Single Sign-on Browser/Artifact Profile}},
booktitle = {Annual Computer Security Applications Conference},
year = {2003},
pages = {298--307},
masid = {4231348}
}
@inproceedings{Armando:2008:FAS:1456396.1456397,
 author = {Armando, Alessandro and Carbone, Roberto and Compagna, Luca and Cuellar, Jorge and Tobarra, Llanos},
 title = "{Formal analysis of SAML 2.0 web browser single sign-on: breaking the SAML-based single sign-on for google apps}",
 booktitle = {Proceedings of the 6th ACM workshop on Formal methods in security engineering},
 series = {FMSE '08},
 year = {2008},
 isbn = {978-1-60558-288-7},
 location = {Alexandria, Virginia, USA},
 pages = {1--10},
 numpages = {10},
 url = {http://doi.acm.org/10.1145/1456396.1456397},
 doi = {10.1145/1456396.1456397},
 acmid = {1456397},
 publisher = {ACM},
 address = {New York, NY, USA},
 keywords = {bounded model checking, saml single sign-on, sat-based model checking, security protocols},
} 
@inproceedings{CardSpaceRisks,
author = {Sebastian Gajek and Jörg Schwenk and Michael Steiner and Chen Xuan},
title = {{Risks of the CardSpace Protocol}},
booktitle = {Information Security Conference/Information Security Workshop},
year = {2009},
pages = {278--293},
doi = {10.1007/978-3-642-04474-8_23},
masid = {6044725}
}
@misc{LysyanskayaPECWorshop,
author = "Anna Lysyanskaya",
title = "{Conditional and Revocable Anonymity: an Overview}",
note = "{Presentation at the NIST Meeting on Privacy-Enhancing Cryptography, December 2011, \url{http://csrc.nist.gov/groups/ST/PEC2011/presentations2011/lysyanskaya.pdf}}"
}
@misc{phishing,
author = "Christopher Abad",
title = "{The Economy of Phishing: A Survey of the Operation of the Phishing Market}",
note = "{First Monday, Volume 10, Number 9--5 September 2005. \url{http://firstmonday.org/htbin/cgiwrap/bin/ojs/index.php/fm/article/view/1272/1192}}"
}
@misc{eHarmonyPasswordBreach,
author = "Chloe Albanesius",
title = "{eHarmony Confirms Password Hack}",
note = "{June 7, 2012. \url{http://www.pcmag.com/article2/0,2817,2405453,00.asp}}"
}
@misc{RFC2026,
author = "S. Bradner",
title = "{The Internet Standards Process --- Revision 3}",
note = "{RFC 2026, October 1996. \url{http://tools.ietf.org/html/rfc2026}}"
}
@misc{RFC2616,
author = "R. Fielding and J. Gettys and J. Mogul and H. Frysyc and L. Masinter and P. Leech and T. Berners-Lee",
title = "{Hypertext Transfer Protocol -- HTTP/1.1}",
note = "{RFC 2616, June 1999. \url{http://tools.ietf.org/html/rfc2616}}"
}
@misc{MSPassport,
author = "Brad Chase",
title = "{Microsoft Passport: Streamlining Commerce and Communication on the Web}",
note = "{October 1999. \url{http://www.microsoft.com/en-us/news/features/1999/10-11passport.aspx}}"
}
@misc{ShibbolethSite,
author = "{Shibboleth Consortium}",
title = "{Shibboleth Home Page}",
note = "{\url{http://shibboleth.net/}}"
}
@misc{ShibbolethApproach,
author = "R.L. Morgan and Scott Cantor and Steven T. Carmody and Walter Hoehn and Kenneth J. Klingenstein",
title = "{Federated Security: The Shibboleth Approach}",
note = "{\url{http://www.educause.edu/ero/article/federated-security-shibboleth-approach}}"
}
@misc{ICAMOpenIDProfile,
author = "Terry McBride and Dave Silver and Matt Tebo and Chris Louden and John Bradley",
title = "{Federal Identity, Credentialing, and Access Management OpenID 2.0 Profile}",
note = "{November 2009. \url{http://www.idmanagement.gov/documents/ICAM_OpenID20Profile.pdf}}"
}
@misc{OpenIDDiscovery-draft12,
author = "J. Bradley and M. Jones and E. Jay",
title = "{OpenID Connect Discovery 1.0 - Draft 12}",
month = Jan,
year = 2013,
note = "{\url{http://openid.net/specs/openid-connect-discovery-1_0.html}}"
}
@misc{FIPS196,
author = "{NIST}",
title = "{Entity Authentication}",
month = feb,
year = 1997,
note = "{FIPS PUB 196, \url{http://csrc.nist.gov/publications/fips/fips196/fips196.pdf}}"
}
@misc{iOSDataProtection,
author = "{Apple Inc}",
title = "{iOS: Understanding data protection}",
note = "{\url{http://support.apple.com/kb/HT4175}}"
}
@inproceedings{SiteKeySecurity,
author = {Stuart E. Schechter and Rachna Dhamija and Andy Ozment and Ian Fischer},
title = {{The Emperor's New Security Indicators}},
booktitle = {IEEE Symposium on Security and Privacy},
year = {2007},
pages = {51--65},
doi = {10.1109/SP.2007.35},
masid = {2473394}
}
@misc{SiteKeyBofA,
author = "{Bank of America}",
title = "{Site Key Authentication, an Additional Layer of Online and Mobile Banking Security}",
note = "{\url{https://www.bankofamerica.com/privacy/online-mobile-banking-privacy/sitekey.go}}"
}
@misc{SymantecAndroidCodeSigningWP,
author = "{Symantec}",
title = "{Protecting Android Applications with Secure Code-Signing Certificates}",
note = "{\url{https://www.symantec.com/content/en/us/enterprise/white_papers/b-code_signing_for_android_WP.pdf}}"
}
@misc{SymantecAndroidCodeSigning,
author = "{Symantec}",
title = "{Symantec Code Signing for Android}",
note = "{\url{http://www.symantec.com/verisign/code-signing/android}}"
}
@misc{PKCS8,
author = "S. Turner",
title = "{Asymmetric Key Packages}",
month = aug,
year = 2010,
note = "{\url{http://tools.ietf.org/html/rfc5958}}"
}
@misc{uApprove,
author = "{SWITCH}",
title = "{uApprove --- User Consent Module for Shibboleth Identity Providers}",
note = "{\url{http://www.switch.ch/aai/support/tools/uApprove.html}}"
}
@misc{ScalablePrivacy,
author = "{Internet2}",
title = "{Scalable Privacy: An NSTIC Pilot for the Identity Ecosystem}",
note = "{\url{https://spaces.internet2.edu/display/scalepriv/Scalable+Privacy}}"
}
@misc{FeedbackOnPrivacyPostures,
author = "Francisco Corella",
title = "{Feedback on the Paper on Privacy Postures of Authentication Technologies}",
note = "{May 15, 2013. \url{/2013/05/15/feedback-on-the-paper-on-privacy-postures-of-authentication-technologies}}"
}
@misc{PrivacyPosturesMayFirstVersion,
author = "Francisco Corella and Karen Lewison",
title = "{Privacy Postures of Authentication Technologies}",
note = "{Version of May 1, 2013.  \url{http://pomcor.com/techreports/PrivacyPosturesMayFirstVersion.pdf}}"
}
@misc{PrivacyPosturesFinalVersion,
author = "Francisco Corella and Karen Lewison",
title = "{Privacy Postures of Authentication Technologies}",
note = "{\url{http://pomcor.com/techreports/PrivacyPosturesMayFirstVersion.pdf}}"
}
@misc{UProveInWSTrust,
author = "Christian Paquin",
title = "{U-Prove WS-Trust Profile V1.0}",
note = "{\url{http://research.microsoft.com/apps/pubs/default.aspx?id=166974}}"
}
@misc{EmailFromSakimura,
author = "Nat Sakimura",
note = "{Email message to the ID Commons community mailing list, May 9, 2013.  Retrievable from the mailing list archive at \url{http://lists.idcommons.net/lists/arc/community}}"
}
@misc{RFC4252,
author = "{T. Ylonen}",
editor = "{C. Lonvick}",
title = "{The Secure Shell (SSH) Authentication Protocol}",
month = jan,
year = 2006,
note = "{\url{http://tools.ietf.org/html/rfc4252}}"
}
@misc{RFC3447,
author = "J. Jonnson and B. Kaliski",
title = "{Public-Key Cryptography Standards (PKCS) \#1: RSA Cryptography Specifications Version 2.1}",
month = feb,
year = 2003,
note = "{\url{http://tools.ietf.org/html/rfc3447}}"
}
@misc{JonssonKaliski2002,
author = "J. Jonsson and B. S. Kaliski Jr.",
title = "{On the security of RSA encryption in TLS}",
note = "{CRYPTO 2002.  LNCS 2442.  \url{http://link.springer.com/content/pdf/10.1007%2F3-540-45708-9_9.pdf}}"
}
@misc{PayTango,
author = "{Kim-Mai Cutler}",
title = "{Fingerprints Instead Of Credit Cards? YC-Backed PayTango Aims To Make Payments Work Through Biometrics}",
note = "{TechCrunch. March 25th, 2013. \url{http://techcrunch.com/2013/03/25/paytango/}}"
}
@misc{Validity,
author = "{Rip Emson}",
title = "{Validity Sensors Raising \$20M From Qualcomm, TeleSoft To Bring Fingerprint Security To Mobile Payments}",
note = "{TechCrunch. October 18th, 2012. \texttt{http://techcrunch.com/2012/10/18/validity-sensors-raising-20m-from-qualcomm-telesoft-to-bring-fingerprint-security-to-mobile-payments/}}"
}
@misc{SabadelloComment,
author = "Markus Sabadello",
title = "{Comment on the blog post Feedback on the Paper on Privacy Postures of Authentication Technologies}",
note = "{July 14, 2013. \url{http://pomcor.com/2013/05/15/feedback-on-the-paper-on-privacy-postures-of-authentication-technologies/#comment-907}}"
}
@book{SSLTLSBook,
author = "Eric Rescorla",
title = "{SSL and TLS---Designing and Building Secure Systems}",
publisher = "{Addison-Wesley}",
year = 2001
}
@misc{TLSSurveyNov2013,
author = "{Trustworthy Internet Movement}",
title = "{SSL Pulse---Survey of the SSL Implementation of the Most Popular Web Sites}",
note = "{November 2, 2013.  Retrieved from \url{https://www.trustworthyinternet.org/ssl-pulse/}}"
}
@misc{BEAST,
author = "Thai Duong and Juliano Rizzo",
title = "{Here Come the $\oplus$ Ninjas}",
note = {May 13, 2011.  Available from \url{http://blog.tempest.com.br/static/attachments/marco-carnut/driblando-ataque-beast-com-pasme-rc4/ssl_jun21.pdf}}
}
@misc{RFC5077,
author = "J. Salowey and H. Zhou and P. Eronen and H. Tschofenig",
title = "{Transport Layer Security (TLS) Session Resumption without Server-Side State}",
note = "{RFC 5077, January 2008.  \url{http://tools.ietf.org/html/rfc5077}}"
}
@article{Fast-track,
author = "Hovav Shacham and Dan Boneh and Eric Rescorla",
title = "{Client-Side Caching for TLS}",
journal = "{ACM Transactions on Information and System Security}",
volume = 7,
number = 4,
month = "November",
year = 2004,
pages = "553--575"}
}
@misc{FalseStart,
author = "A. Langley and N. Modadugu and B. Moeller",
title = "{Transport Layer Security (TLS) False Start}",
note = "{draft-bmoeller-tls-falsestart-00, June 2, 2010. \url{https://tools.ietf.org/html/draft-bmoeller-tls-falsestart-00}}"
}
@misc{FalseStartsFailure,
author = "Adam Langley",
title = "{False Start's Failure (11 Apr 2012)}",
note = "{\url{https://www.imperialviolet.org/2012/04/11/falsestart.html}}"
}
@misc{RFC2712,
author = "A. Medvinsky and M. Hur",
title = "{Addition of Kerberos Cipher Suites to Transport Layer Security (TLS)}",
note = "{October 1999.  \url{http://tools.ietf.org/html/rfc2712}}"
}
@misc{RFC6091,
author = "N. Mavrogiannopoulos and D. Gilmor",
title = "{Using OpenPGP Keys for Transport Layer Security (TLS) Authentication}",
note = "{February 2011.  \url{http://tools.ietf.org/html/rfc6091}}"
}
@misc{RFC5878,
author = "M. Brown and R. Housley",
title = "{Transport Layer Security (TLS) Authorization Extensions}",
note = "{May 2010.  \url{http://tools.ietf.org/html/rfc5878}}"
}
@misc{RawPublicKeys,
author = "P. Wouters and H. Tschofenig and J. Gilmore and S. Weiler and T. Kivinen",
title = "{Using Raw Public Keys in Transport Layer Security (TLS) and Datagram Transport Layer Security (DTLS)}",
note = "{October 19, 2013.  \url{http://tools.ietf.org/html/draft-ietf-tls-oob-pubkey-10}}"
}
@misc{Sako2011GroupSignatures,
author = "Kazue Sako",
title = "Group Signatures",
note = "{Presentation at NIST Meeting on Privacy-Enhancing Cryptography, December 2011.  \url{http://csrc.nist.gov/groups/ST/PEC2011/presentations2011/sako.pdf}}"
}
@misc{CRIMEAttack,
author = "Rizzo, Juliano and Duong, Thai",
title = "{The CRIME attack}",
note = "{Presentation at the 9th Ekoparty Security Conference, Buenos Aires, September 2012.  Available at \url{https://docs.google.com/presentation/d/11eBmGiHbYcHR9gL5nDyZChu_-lCa2GizeuOfaLU2HOU/edit?pli=1#slide=id.g1d134dff_1_222}}"
}
@misc{BREACHAttack,
author = "Yoel Gluck and Neal Harris and Angelo Prado",
title = "{BREACH: Reviving THE CRIME Attack}",
note = "{\url{http://breachattack.com/resources/BREACH%20-%20SSL,%20gone%20in%2030%20seconds.pdf}}"
}
@misc{TIMEAttack,
author = "Barry Shteiman and Tal Be'ery and Amichai Shulman",
title = "{A Perfect CRIME? Only TIME will tell}",
note = "{March 19, 2013.  \url{http://blog.imperva.com/2013/03/a-perfect-crime-only-time-will-tell.html}}"
}
@misc{TruncationAttacks,
author = "Ben Smyth and Alfredo Pironti",
title = "{Truncating TLS Connections to Violate Beliefs in Web Applications}",
note = "{Black Hat USA, 2013.  Available at \url{https://media.blackhat.com/us-13/US-13-Smyth-Truncating-TLS-Connections-to-Violate-Beliefs-in-Web-Applications-WP.pdf}}"
}
@misc{Kelsey2002,
author = "John Kelsey",
title = "{Compression and Information Leakage of Plaintext}",
note = "{\url{http://www.iacr.org/cryptodb/archive/2002/FSE/3091/3091.pdf}}"
}
@misc{Rogaway1995,
author = "P. Rogaway",
title = "{Problems with Proposed IP Cryptography}",
year = 1995,
note = "{\url{http://www.cs.ucdavis.edu/~rogaway/papers/draft-rogaway-ipsec-comments-00.txt}}"
}
@misc{Bard2004,
author = "Gregory Bard",
title = "{Vulnerability of SSL to Chosen-Plaintext Attack}",
year = 2004,
note = "{\url{http://eprint.iacr.org/2004/111.pdf}}"
}
@misc{Bard2006,
author = "Gregory Bard",
title = "{A Challenging but Feasible Blockwise-Adaptive Chosen-Plaintext Attack on SSL}",
year = 2006,
note = "{\url{http://eprint.iacr.org/2006/136.pdf}}"
}
@misc{RC4SecurityTLS,
author = "Nadhem AlFardan and Dan Bernstein and Kenny Paterson and Bertram Poettering and Jacob Schuldt",
title = "{On the Security of RC4 in TLS and WPA}",
note = "{13th March 2013 (updated 8th July and 28th August 2013).  \url{http://www.isg.rhul.ac.uk/tls/}}"
}
@INPROCEEDINGS{Vaudenay02securityflaws,
    author = "Serge Vaudenay",
    title = "{Security Flaws Induced by CBC Padding---Applications to SSL, IPSEC, WTLS\ldots}",
    booktitle = "{Proceedings of In Advances in Cryptology---EUROCRYPT'02}",
    year = {2002},
    pages = {534--546},
    publisher = {Springer-Verlag},
note = "{\url{http://www.iacr.org/archive/eurocrypt2002/23320530/cbc02_e02d.pdf}}"
}                  
@inproceedings{IACR:conf/crypto2003/CanvelC03,
  author    = { Brice Canvel and Alain P. Hiltgen and Serge Vaudenay and Martin Vuagnoux
               },
  title     = "{Password Interception in a SSL/TLS Channel}",
  booktitle = {CRYPTO},
  year      = {2003},
  pages     = {583-599},
  note = "{\url{http://www.iacr.org/archive/crypto2003/27290581/27290581.pdf}}"
}
@misc{LuckyThirteen,
author = "Nadhem J. AlFardan and Kenneth G. Paterson",
title = "{Lucky Thirteen: Breaking the TLS and DTLS Record Protocols}",
note = "{27th February 2013, \url{http://www.isg.rhul.ac.uk/tls/TLStiming.pdf}}"
}
@inproceedings{DBLP:conf/asiacrypt/PatersonRS11,
  author    = {Kenneth G. Paterson and
               Thomas Ristenpart and
               Thomas Shrimpton},
  title     = "{Tag Size Does Matter: Attacks and Proofs for the TLS Record Protocol}",
  booktitle = "{ASIACRYPT}",
  year      = {2011},
  pages     = {372-389}
}
@misc{RFC5746,
author = "E. Rescorla and M. Ray and S. Dispensa and N. Oskov",
title = "{Transport Layer Security (TLS) Renegotiation Indication Extension}",
note = "{\url{http://tools.ietf.org/html/rfc5746}}"
}
@inproceedings{DBLP:conf/eurocrypt/HorwitzL02,
  author    = {Jeremy Horwitz and
               Ben Lynn},
  title     = {Toward Hierarchical Identity-Based Encryption},
  booktitle = {EUROCRYPT},
  year      = {2002},
  pages     = {466-481},
  note = "{\url{http://theory.stanford.edu/~horwitz/pubs/hibe.pdf}}"
}
@inproceedings{DBLP:conf/eurocrypt/BonehB04a,
  author    = {Dan Boneh and
               Xavier Boyen},
  title     = "{Efficient Selective-ID Secure Identity-Based Encryption
               Without Random Oracles}",
  booktitle = {EUROCRYPT},
  year      = {2004},
  pages     = {223-238},
 note = "{\url{http://crypto.stanford.edu/~xb//eurocrypt04b/bbibe.pdf}}"
}
@article{DBLP:journals/siamcomp/BonehF03,
  author    = {Dan Boneh and
               Matthew K. Franklin},
  title     = "{Identity-Based Encryption from the Weil Pairing}",
  journal   = {SIAM J. Comput.},
  volume    = {32},
  number    = {3},
  year      = {2003},
  pages     = {586-615},
\note = "{Available at \url{http://crypto.stanford.edu/~dabo/papers/ibe.pdf}}"
}
@misc{VoltageSecureMail,
author = "{Voltage Security, Inc}",
title = "{Voltage SecureMail---Easy-to-use global scale email encryption inside \& outside enterprise}",
note = "{\url{http://www.voltage.com/products/securemail/}}"
}
@misc{RFC4025,
author = "M. Richardson",
title = "{A Method for Storing IPsec Keying Material in DNS}",
note = "{February 2005.  \url{http://tools.ietf.org/html/rfc4025}}"
}
@misc{RFC4255,
author = "J. Schlyter and W. Griffing",
title = "{Using DNS to Securely Publish Secure Shell (SSH) Key Fingerprints}",
note = "{January 2006.  \url{http://tools.ietf.org/html/rfc4255}}"
}
@misc{RFC6698,
author = "P. Hoffman and J. Schlyter",
title = "{The DNS-Based Authentication of Named Entities (DANE) Transport Layer Security (TLS) Protocol: TLSA}",
note = "{August 2012.  \url{http://tools.ietf.org/html/rfc6698}}"
}
@inproceedings{Shamir84IDBasedCrypto,
author = {Adi Shamir},
title = {{Identity-Based Cryptosystems and Signature Schemes}},
booktitle = {International Cryptology Conference},
year = {1984},
pages = {47--53},
note = "{\url{http://link.springer.com/content/pdf/10.1007%2F3-540-39568-7_5.pdf}}"
}
@article{DBLP:journals/joc/BellareN08,
  author    = {Mihir Bellare and
               Chanathip Namprempre},
  title     = {Authenticated Encryption: Relations among Notions and Analysis
               of the Generic Composition Paradigm},
  journal   = {J. Cryptology},
  volume    = {21},
  number    = {4},
  year      = {2008},
  pages     = {469-491},
note = "{\url{http://cseweb.ucsd.edu/users/mihir/papers/oem.pdf}}"
}
@misc{GutmannEncryptThenMAC,
author = "P. Gutmann",                  
title = "{Encrypt-then-MAC for TLS}",
note = "{February 8, 2013.  Latest revision October 4, 2013.  \url{http://tools.ietf.org/html/draft-gutmann-tls-encrypt-then-mac-04}}"
}
@misc{TLSListArchive,
author = "{TLS Working Group}",
title = "{Mailing List Archive}",
note = "{\url{http://www.ietf.org/mail-archive/web/tls/}}"
}
@misc{NIST-GCM,
author = "{National Institute of Standards and Technology}",
title = "{Recommendation for Block Cipher Modes of Operation: Galois/Counter Mode (GCM) and GMAC}",
note = "{November 2007.  \url{http://csrc.nist.gov/publications/nistpubs/800-38D/SP-800-38D.pdf}}"
}
@misc{NIST-CCM,
author = "{National Institute of Standards and Technology}",
title = "{Recommendation for Block Cipher Modes of Operation: the CCM Mode for Authentication and Confidentiality}",
note = "{May 2004.  Updated July 2007.  \url{http://csrc.nist.gov/publications/nistpubs/800-38C/SP800-38C_updated-July20_2007.pdf}}"
}
@misc{RFC6655,
author = "D. McGrew and D. Bailey",
title = "{AES-CCM Cipher Suites for Transport Layer Security (TLS)}",
note = "{July 2012.  \url{http://tools.ietf.org/html/rfc6655}}"
}
@misc{RFC5288,
author = "J. Salowey and A. Choudhury and D. McGrew",
title = "{AES Galois Counter Mode (GCM) Cipher Suites for TLS}",
note = "{August 2008.  \url{http://tools.ietf.org/html/rfc5288}}"
}
@misc{RFC6460,
author = "M. Salter and R. Housley",
title = "{Suite B Profile for Transport Layer Security (TLS)}",
note = "{March 2009.  Revised January 2012.  \url{http://tools.ietf.org/html/rfc6460}}"
}
@misc{CompressionDoDCerts,
autor = "{O'Melia, Sean R. and Khazan, Roger I. and Utin, Dan}",
title = "{Efficient Transmission of DoD PKI Certificates in Tactical Networks}",
note = "{\url{http://oai.dtic.mil/oai/oai?verb=getRecord&metadataPrefix=html&identifier=ADA534405}}"
}
@misc{CanettiKrawczyk2001AnalysisKE,
author = "R. Canetti and H. Krawczyk",
title = "Analysis of Key-Exchange Protocols and Their Use for Building Secure Channels (Full Version)",
note = "{\url{http://eprint.iacr.org/2001/040}}"
}
@misc{TCP,
author = "{ISI-USC}",
title = "{Transmission Control Protocol}",
note = "{Internet Standard.  September 1981.  \url{http://tools.ietf.org/html/rfc793}}"
}
@misc{URI,
author = "T. Berners-Lee and R. Fielding and L. Masinter",
title = "{Uniform Resource Identifier (URI): Generic Syntax}",
note = "{January 2005.  \url{http://tools.ietf.org/html/rfc3986}}"
}
@misc{SMTP,
author = "J. Klensin",
title = "{Simple Mail Transfer Protocol}",
note = "{October 2008.  \url{http://tools.ietf.org/html/rfc5321}}"
}
@misc{SMTP-TLS,
author = "P. Hoffman",
title = "{SMTP Service Extension for Secure SMTP over Transport Layer Security}",
note = "{February 2002.  \url{http://tools.ietf.org/html/rfc3207}}"
}
@misc{POP3,
author = "J. Myers and M. Rose",
title = "{Post Office Protocol - Version 3}",
note = "{Internet Standard.  May 1996.  \url{http://tools.ietf.org/html/rfc1939}}"
}
@misc{IMAP,
author = "M. Crispin",
title = "INTERNET MESSAGE ACCESS PROTOCOL - VERSION 4rev1",
note = "{March 2003.  \url{http://tools.ietf.org/html/rfc3501}}"
}
@misc{POP3-IMAP-ACAP-TLS,
author = "C. Newman",
title = "{Using TLS with IMAP, POP3 and ACAP}",
note = "{June 1999.  \url{http://tools.ietf.org/html/rfc2595}}"
}
@misc{UDP,
author = "J. Postel",
title = "{User Datagram Protocol}",
note = "{Internet Standard.  28 August 1980.  \url{http://tools.ietf.org/html/rfc768}}"
}
@misc{SIP,
author = "J. Rosenberg and H. Schulzrinne and G. Camarillo and A. Johnston and J. Peterson and R. Sparks and M. Handley and E. Schooler",
title = "{SIP: Session Initiation Protocol}",
note = "{June 2002.  \url{http://tools.ietf.org/html/rfc3261}}"
}
@misc{IP,
author = "{ISI-USC}",
title = "{Internet Protocol}",
note = "{Internet Standard.  September 1981.  \url{http://tools.ietf.org/html/rfc791}}"
}
@misc{RC4-SHA1-Warning,
author = "{Dennis Fisher}",
title = "{Microsoft Warns Customers Away From SHA-1 and RC4}",
note = "{November 12, 2013.  \url{http://threatpost.com/microsoft-warns-customers-away-from-sha-1-and-rc4/102902}}"
}
@misc{SP800-38A,
author = "Morris Dworkin",
title = "{Recommendation for Block Cipher Modes of Operation - Methods and Techniques}",
note = "{NIST Special Publication 800-38A.  December 2001.  \url{http://csrc.nist.gov/publications/nistpubs/800-38a/sp800-38a.pdf}}"
}
@misc{HTTPOverTLS,
author = "E. Rescorla",
title = "{HTTP Over TLS}",
note = "{May 2000.  \url{http://tools.ietf.org/html/rfc2818}}"
}
@misc{AFSBIRAnonymization,
author = "{US Department of Defense}",
title = "{Architecture for Enterprise Anonymization}",
note = "{Air Force SBIR solicitation 2014.1, topic AF141-058.  \url{http://www.zyn.com/sbir/sbres/sbir/dod/af/af141058.htm}}"
}
@misc{GooglesSurveillance,
author = "Yasha Levine",
title = "{Google’s for-profit surveillance problem}",
note = "{December 16, 2013.  \url{http://pando.com/2013/12/16/googles-for-profit-surveillance-problem/}}"
}
@misc{NSAPaysRSA,
author = "Alex Wilhelm",
title = "{NSA Reportedly Paid A Security Firm Millions To Ship Deliberately Flawed Encryption Technology}",
note = "{December 21, 2013.  \url{http://techcrunch.com/2013/12/20/nsa-reportedly-paid-a-security-firm-millions-to-ship-deliberately-flawed-encryption-technology/}}"
}
@misc{HistoricSSL,
author = "{A. Freier and P. Karlton and P. Kocher}",
title = "{The Secure Sockets Layer (SSL) Protocol Version 3.0}",
note = "{August 2011.  \url{http://tools.ietf.org/html/rfc6101}}"
}
@misc{GIG,
author = "{National Security Agency}",
title = "{Global Information Grid}",
note = "{\url{http://www.nsa.gov/ia/programs/global_information_grid/index.shtml}}"
}
@misc{DigiNotarCompromise,
author = "Aart Jochem",
title = "{Keynote --- Lessons learned from the DigiNotar case}",
note = "{Presentation at the NIST Workshop on Improving Trust in the Online Marketplace.  April 11, 2013.  \url{http://csrc.nist.gov/groups/ST/ca-workshop-2013/presentations/Jochem_ca-workshop2013.pdf}}"
}
@misc{NISTWorkshopOnImprovingTrust,
author = "{NIST}",
title = "{Improving Trust in the Online Marketplace}",
note = "{April 10--11, 2013.  \url{http://www.nist.gov/itl/csd/ct/ca_workshop.cfm}}"
}
@misc{NISTWorkshopOnImprovingTrustAgenda,
author = "{NIST}",
title = "{Agenda of the Workshop on Improving Trust in the Online Marketplace}",
note = "{April 10--11, 2013.  \url{http://www.nist.gov/itl/csd/ct/ca-workshop-agenda2013.cfm}}"
}
@misc{PolkBuildingConsensus,
author = "{Tim Polk}",
title = "{Building Consensus}",
note = "{Closing presentation at the NIST Workshop on Improving Trust in the Online Marketplace.  April 11, 2013.  \url{http://csrc.nist.gov/groups/ST/ca-workshop-2013/presentations/Polk_ca-workshop2013.pdf}}"
}
@misc{TruncatedMACInCyaSSL,
author = "{WolfSSL}",
title = "{Using Truncated HMAC with CyaSSL}",
note = "{December 2013.  \url{http://www.yassl.com/yaSSL/Blog/Entries/2013/12/3_Using_Truncated_HMAC_with_CyaSSL.html}}"
}
@misc{TruncatedMACInzOS,
author = "{IBM}",
title = "{z/OS Cryptograph8ic Services: TLS Extensions}",
note = "{2010.  \url{http://pic.dhe.ibm.com/infocenter/zos/v1r12/index.jsp?topic=%2Fcom.ibm.zos.r12.gska100%2Fgska1a8017.htm}}"
}
@misc{TLSWGDocuments,
author = "{TLS Working Group Documents}",
note = "{\url{http://datatracker.ietf.org/wg/tls/}}"
}
@misc{QUIC,
author = "Jim Roskind",
title = "{QUIC: Multiplexed Stream Transport over UDP}",
note = "{First draft: April 2012.  Latest revision: December 2013.  \url{https://docs.google.com/document/d/1RNHkx_VvKWyWg6Lr8SZ-saqsQx7rFV-ev2jRFUoVD34/edit}}"
}
@misc{QUICCrypto,
author = "Adam Langley and Wan-Teh Chang",
title = "{QUIC Crypto}",
note = "{June 20, 2013.  \url{https://docs.google.com/document/d/1g5nIXAIkN_Y-7XJW5K45IblHd_L2f5LTaDUDwvZ5L6g/edit?pli=1}}"
}
@misc{QUICSite,
author = "{The Chromium Projects}",
title = "{QUIC, a multiplexed stream transport over UDP}",
note = "{\url{http://www.chromium.org/quic}}"
}
@misc{Shoup2006Games,
author = "Victor Shoup",
title = "{Sequences of Games: A Tool for Taming Complexity in Security Proofs}",
note = "{First public version: November 30, 2004.  Revised: January 18, 2006.  \url{http://shoup.net/papers/games.pdf}}"
}
@inproceedings{DTLSDesign,
author = "Nagendra Modadugu and Eric Rescorla",
title = "{The Design and Implementation of Datagram TLS}",
booktitle = "{In Proceedings NDSS}",
year = 2004,
note = "{\url{http://crypto.stanford.edu/~nagendra/papers/dtls.pdf}}"
}
@article{BrzuskaEtAl2012,
year={2013},
journal={International Journal of Information Security},
volume={12},
number={4},
title={Less is more: relaxed yet composable security notions for key exchange},
author={Brzuska, C. and Fischlin, M. and Smart, N.P. and Warinschi, B. and Williams, S.C.},
pages={267-297},
language={English},
note = "{Full version at \url{http://eprint.iacr.org/2012/242.pdf}}"
}
@inproceedings{JagerEtAl2013,
year={2012},
booktitle="{CRYPTO 2012}",
title="{On the Security of TLS-DHE in the Standard Model}",
author="{Jager, Tibor and Kohlar, Florian and Sch\"age, Sven and Schwenk, J\"org}",
pages={273-293},
note = "{Full version at \url{eprint.iacr.org/2011/219.pdf}}"
}
@inproceedings{KrawczykEtAl2013,
year={2013},
booktitle="{CRYPTO 2013}",
title="{On the Security of the TLS Protocol: A Systematic Analysis}",
author={Krawczyk, Hugo and Paterson, Kenneth G. and Wee, Hoeteck},
pages={429-448},
note = "{Full version at \url{http://eprint.iacr.org/2013/339.pdf}}"
}
@misc{SnapStart,
author = "A. Langley",
title = "{Transport Layer Security (TLS) Snap Start}",
note = "{May 2010.  \url{https://www.imperialviolet.org/binary/draft-agl-tls-snapstart-00.html}}"
}
@misc{AlFardanPatterson2012,
author = "Nadhem J. AlFardan and Kenneth G. Paterson",
title = "{Plaintext-Recovery Attacks Against Datagram TLS}",
note = "{NDSS Symposium 2012.  \url{http://www.internetsociety.org/plain-text-recovery-attacks-against-datagram-tls}}"
}
@misc{BonehBrumley2003,
author = "D. Boneh and D. Brumley",
title = "Remote timing attacks are practical",
note = "{Usenix Security Symposium, 2003.  \url{http://crypto.stanford.edu/~dabo/abstracts/ssl-timing.html}}"
}
@misc{RFC4960,
author = "{R. Stewart, Ed.}",
title = "{Stream Control Transmission Protocol}",
note = "{September 2007.  \url{http://tools.ietf.org/html/rfc4960}}"
}
@misc{Larson20131105,
author = "Jeff Larson",
title = "{NIST to review standards after cryptographers cry foul over NSA meddling}",
note = "{Network World.  November 5, 2013.  \url{http://www.networkworld.com/news/2013/110513-nist-nsa-275641.html}}"
}
@misc{Bleichenbacher98,
author = {Daniel Bleichenbacher},
title = {{Chosen Ciphertext Attacks Against Protocols Based on the RSA Encryption Standard PKCS \#1}},
note = "{CRYPTO 1998.  \url{http://www.bell-labs.com/user/bleichen/papers/noisy.ps}}"
}
@misc{PKCS1-15,
author = "B. Kaliski",
title = "{PKCS \#1: RSA Encryption Version 1.5}",
note = "{November 1993.  Republished as RFC 2312.  \url{http://tools.ietf.org/html/rfc2313}}"
}
@misc{PKCS1-20,
author = "B. Kaliski and J. Staddon",
title = "{PKCS \#1: RSA Cryptography Specifications Version 2.0}",
note = "{September 1998.  Republished as RFC 2437.  \url{http://tools.ietf.org/html/rfc2437}}"
}
@misc{BellareRogaway1994,
author = "Mihir Bellare and Phillip Rogaway",
title = "{Optimal Asymmetric Encryption --- How to Encrypt with RSA}",
note = "{Eurocrypt 94.  LNCS 950.  Full paper at \url{http://cseweb.ucsd.edu/users/mihir/papers/oae.pdf}}"
}
@inproceedings{Strenzke:2010:MAR:1948352.1948358,
 author = {Strenzke, Falko},
 title = "{Manger's Attack Revisited}",
 booktitle = {Proceedings of the 12th International Conference on Information and Communications Security},
 series = {ICICS'10},
 year = {2010},
 pages = {31--45}
}
@misc{Manger2001,
author = {James Manger},
title = {{A Chosen Ciphertext Attack on RSA Optimal Asymmetric Encryption Padding (OAEP) as Standardized in PKCS \#1 v2.0}},
note = "{CRYPTO 2001}"                  
}
@misc{RFC1034,
author = "P. Mockapetris",
title = "{DOMAIN NAMES - CONCEPTS AND FACILITIES}",
note = "{November 1987.  \url{http://tools.ietf.org/html/rfc1034}}"
}
@misc{RFC1035,
author = "P. Mockapetris",
title = "{DOMAIN NAMES - IMPLEMENTATION AND SPECIFICATION}",
note = "{November 1987.  \url{http://tools.ietf.org/html/rfc1034}}"
}
@misc{RFC4033,
author = "R. Arends and M. Larson and D. Massey and S. Rose",
title = "{DNS Security Introduction and Requirements}",
note = "{March 2005.  \url{http://tools.ietf.org/html/rfc4033}}"
}
@misc{RFC6840,
author = "{S. Weiler and D. Blacka, Eds.}",
title = "{Clarifications and Implementation Notes for DNS Security (DNSSEC)}",
note = "{February 2013.  \url{http://tools.ietf.org/html/rfc6840}}"
}
@inproceedings{TCPFastOpen,
title = "{TCP Fast Open}",
author  = {Sivasankar Radhakrishnan and Yuchung Cheng and Jerry Chu and Arvind Jain and Barath Raghavan},
year  = 2011,
booktitle = "{Proceedings of the 7th International Conference on Emerging Networking EXperiments and Technologies (CoNEXT)}",
note = "{\url{http://research.google.com/pubs/pub37517.html}}"
}
@misc{Shoup2001,
title = "{A Proposal for an ISO Standard for Public Key Encryption (version 2.1)}",
author = "{Victor Shoup}",
note = "{December 20, 2001.  \url{http://www.shoup.net/papers/iso-2_1.pdf}}"
}
@misc{RFC1644,
author = "R. Braden",
title = "{T/TCP -- TCP Extensions for Transactions}",
note = "{July 1994.  \url{http://tools.ietf.org/html/rfc1644}}"
}
@misc{ComprehensiveApproachWP,
author = "F. Corella and K. Lewison",
title = "{A Comprehensive Approach to Cryptographic and Biometric Authentication from a Mobile Perspective}",
note = "{Revised April 2013.  \url{http://pomcor.com/whitepapers/CryptographicAuthentication.pdf}}"
}
@misc{DataProtectionWP,
author = "F. Corella and K. Lewison",
title = "{Effective Data Protection for Mobile Devices}",
note = "{August 30, 2012.  \url{http://pomcor.com/whitepapers/DataProtection.pdf}}"
}
@misc{DerivedCredentialKMWorkshop,
author = "F. Corella and K. Lewison",
title = "Techniques for Implementing Derived Credentials",
note = "{Presentation at the 2012 NIST Key Management Workshop.  \url{http://csrc.nist.gov/groups/ST/key_mgmt/documents/Sept2012_Presentations/CORELLA_DerivedCredentials.pdf}}"
}
@misc{NISTKMWorkshop,
author = "{NIST}",
title = "{Cryptographic Key Management Workshop}",
note = "{September 2012.  \url{http://www.nist.gov/itl/csd/ct/ckm_workshop_2012.cfm}}"
}
@misc{XPlatformSSO,
author = "F. Corella and K. Lewison",
title = "{Cross-Platform SSO and Physical Access Using a Mobile Device}",
note = "{First draft January 23, 2014.  Pomcor Confidential paper, available from the authors.}"
}
@misc{nistir7676,
author = "David A. Cooper",
title = "{Maintaining and Using Key History on Personal Identity Verification (PIV) Cards}",
note = "{NIST Report NISTIR-7676, June 2010.  \url{http://csrc.nist.gov/publications/nistir/ir7676/nistir-7676.pdf}}"
}
@misc{SP800-73-4,
author = "{NIST}",
title = "{NIST Special Publication 800-73-4, 
DRAFT Interfaces for Personal Identity Verification (3 Parts)\\
Part 1- PIV Card Application Namespace, Data Model and Representation\\
Part 2- PIV Card Application Card Command Interface\\
Part 3- PIV Client Application Programming Interface\\
May 13, 2013}",
note = "{\url{http://csrc.nist.gov/publications/PubsDrafts.html#SP-800-73--4}}"
}
@misc{SP800-73-4-Final-Part2,
author = "David Cooper and Hildegard Ferraiolo and Ketan Mehta and Salvatore Francomacaro and Ramaswamy Chandramouli",
title = "{Special Publication 800-73-4---Interfaces for Personal Identity Verification---Part 2: PIV Card Application Card Command Interface}",
note = "{All three parts of SP 800-73-4 are placed together in a single file available at \url{http://nvlpubs.nist.gov/nistpubs/SpecialPublications/NIST.SP.800-73-4.pdf}}"
}
@misc{RelayAttackProximityCard,
author = "Gerhard Hancke",
title = "{A Practical Relay Attack on ISO 14443 Proximity Cards}",
note = "{January 2005.  \url{http://rfidblog.org.uk/hancke-rfidrelay.pdf}}"
}
@misc{RelayAttackGoogleWallet,
author = "Michael Roland",
title = "{Applying recent secure element relay attack scenarios to the real world: Google Wallet Relay Attack}",
note = "{March 25, 2013.  \url{http://arxiv.org/pdf/1209.0875.pdf}}"
}
@misc{A19-ProvisionalPatentApplication,
author = "Francisco Corella and Karen Pomian Lewison",
title = "Comprehensive Approach to Cryptographic and Biometric Authentication",
note = "{US Provisional Application 61/804,638 filed 03-23-2013}"
}
@misc{A20-ProvisionalPatentApplication,
author = "Francisco Corella and Karen Pomian Lewison",
title = "Revised Approach to Cryptographic and Biometric Authentication",
note = "{US Provisional Application 61/809,790 filed 04-08-2013}"
}
@misc{A23-NonProvisionalPatentApplication,
author = "Francisco Corella and Karen Pomian Lewison",
title = "{CRYPTOGRAPHIC AUTHENTICATION TECHNIQUES FOR MOBILE DEVICES}",
note = "{US Patent Application 13/954,973 filed 07-30-2013}"
}
@misc{A24-NonProvisionalPatentApplication,
author = "Francisco Corella and Karen Pomian Lewison",
title = "{EFFECTIVE DATA PROTECTION FOR MOBILE DEVICES}",
note = "{US Patent Application 14/016,022 filed 08-30-2013}"
}
@misc{A26-ProvisionalPatentApplication,
author = "Francisco Corella and Karen Pomian Lewison",
title = "Enterprise Authentication with a Mobile Device",
note = "{Companion provisional patent application, filed simultaneously with the present one}"
}
@misc{PKCS11,
author = "{RSA Laboratories}",
title = "{PKCS \#11: Cryptographic Token Interface Standard}",
note = "{\url{http://www.emc.com/emc-plus/rsa-labs/standards-initiatives/pkcs-11-cryptographic-token-interface-standard.htm}}"
}
@misc{PCSC,
author = "{PC/SC Workgroup Specifications 2.01.14}",
note = "{\url{http://www.pcscworkgroup.com/specifications/specdownload.php}}"
}
@misc{WebKit,
author = "{The WebKit Open Source Project}",
note = "{\url{http://www.webkit.org/}}"
}
@misc{OASIS-PKCS11,
author = "{OASIS PKCS\#11 Technical Committee}",
note = "{\url{https://www.oasis-open.org/committees/tc_home.php?wg_abbrev=pkcs11}}"
}
@misc{GalaxyNexusTEE,
author = "Nikolay Elenkov",
title = "{Jelly Bean hardware-backed credential storage}",
note = "{12th July 2012.  \url{http://nelenkov.blogspot.ch/2012/07/jelly-bean-hardware-backed-credential.html}}"
}
@misc{M-shield,
author = "Jerome Azema and Gilles Fayad",
title = "{M-Shield™ Mobile Security Technology: making wireless secure}",
note = "{\url{http://focus.ti.com/pdfs/wtbu/ti_mshield_whitepaper.pdf}}"
}
@misc{Apple-A7,
author = "{Wikipedia}",
title = "{Apple A7}",
note = "{\url{http://en.wikipedia.org/wiki/Apple_A7}}"
}
@misc{SecureEnclave,
author = "{Apple Inc}",
title = "{Apple Announces iPhone 5s - The Most Forward-Thinking Smartphone in the World}",
note = "{\url{http://www.apple.com/pr/library/2013/09/10Apple-Announces-iPhone-5s-The-Most-Forward-Thinking-Smartphone-in-the-World.html}}"
}
@misc{TrustZone,
author = "{ARM}",
title = "{TrustZone}",
note = "{\url{http://mobile.arm.com/products/processors/technologies/trustzone.php}}"
}
@misc{NIST-DH,
author = "Elaine Barker and Lily Chen and Allen Roginsky and Miles Smid",
title = "{Recommendation for Pair-Wise Key Establishment Schemes Using Discrete Logarithm Cryptography}",
note = "{NIST SP 800-56A Rev.\ 2.  \url{http://nvlpubs.nist.gov/nistpubs/SpecialPublications/NIST.SP.800-56Ar2.pdf}}"
}
@misc{TEEWhitePaper,
author = "{GlobalPlatform}",
title = "{The Trusted Execution Environment: Delivering Enhanced Security at a Lower Cost to the Mobile Market}",
note = "{February 2011.  \url{http://www.globalplatform.org/documents/GlobalPlatform_TEE_White_Paper_Feb2011.pdf}}"
}
@misc{TEEUISpec,
author = "{GlobalPlatform}",
title = "{Trusted User Interface API Version 1.0}",
note = "{June 2013.  Available for licensed download at \url{http://www.globalplatform.org/}}"
}
@misc{Botnets-Damballa,
author = "Gunter Ollman",
title = "{Want to rent an 80-120k DDoS Botnet?}",
note = "{August 2009.  \url{https://blog.damballa.com/archives/330}}"
}
@misc{Botnets-iDefense,
author = "Matthew Broersma",
title = "{Botnet price for hourly hire on par with cost of two pints}",
note = "{May 2010.  \url{http://www.zdnet.com/botnet-price-for-hourly-hire-on-par-with-cost-of-two-pints-3040089028/}}"
}
@misc{M-07-16,
author = "{Office of Management and Budget (OMB)}",
title = "{Safeguarding Against and Responding to the Breach of Personally Identifiable Information}",
note = "{M-07-16.  May 22, 2007.  \url{http://www.whitehouse.gov/sites/default/files/omb/memoranda/fy2007/m07-16.pdf}}"
}
@misc{ARMTrustZone,
author = "{ARM}",
title = "{TrustZone}",
note = "{\url{http://www.arm.com/products/processors/technologies/trustzone/index.php}}"
}
@misc{TrustonicTEE,
author = "{Trustonic}",
title = "{TrustZone and TEE}",
note = "{\url{http://www.trustonic.com/technology/trustzone-and-tee}}"
}
@misc{SierrawareTEE,
author = "{Sierraware}",
title = "{Open Virtualization for ARM TrustZone}",
note = "{\url{http://www.openvirtualization.org/open-source-arm-trustzone.html}}"
}
@misc{TEE-SE,
author = "{GlobalPlatform}",
title = "{TEE Secure Element API}",
note = "{July 2013.  Available for licensed download at \url{http://www.globalplatform.org/}}"
}
@misc{DerivedCredentialsNew,
author = "Francisco Corella and Karen Lewison",
title = "A Derived Credentials Scheme for Authentication and Secure Mail",
note = "{To be made available at the Pomcor web site, \url{http://pomcor.com/}}"
}
@misc{NISTIR7981,
author = "Hildegard Ferraiolo and Andrew Regenscheid and David Cooper and Salvatore Francomacaro and William Burr",
title = "{Mobile, PIV, and Authentication}",
note = "{Draft NIST Interagency Report 7981.  March 2014.  \url{http://csrc.nist.gov/publications/PubsDrafts.html#NIST-IR-7981}}"
}
@misc{SP800-157,
author = "Hildegard Ferraiolo and David Cooper and Salvatore Francomacaro and Andrew Regenscheid and Jason Mohler and Sarbari Gupta and William Burr",
title = "{Guidelines for Derived Personal Identity Verification (PIV) Credentials}",
note = "{Draft NIST Special Publication 800-157.  \url{http://csrc.nist.gov/publications/PubsDrafts.html#SP-800-157}}"
}
@misc{DerivedCredentialsComments,
author = "Francisco Corella and Karen Lewison",
title = "{Comments on the NIST Guidelines on Derived Credentials}",
note = "{March 31, 2014.  \url{http://pomcor.com/documents/CommentsOnDerivedCredentials.txt}}"
}
@misc{HackingInfineonChip,
author = "Christopher Tarnovsky",
title = "{Hacking The Smartcard Chip (Blackhat 2010)}",
note = "{Video broken into eight 10-minute segments.  \url{http://www.securitytube.net/video/945}}"
}
@misc{InfineonCertification,
author = "{Infineon}",
title = "{World's Most Stringent Security Tests Confirm Infineon's Security Competence in Smart Card ICs}",
note = "{\url{http://www.smartcardalliance.org/articles/2006/01/04/worlds-most-stringent-security-tests-confirm-infineons-security-competence-in-smart-card-ics}}"
}
@misc{AndersonKuhn96Tamper,
author = "Ross Anderson and Markus Kuhn",
title = "{Tamper Resistance -- a Cautionary Note}",
note = "{Second USENIX Workshop on Electronic Commerce, 1996.  \url{http://www.cl.cam.ac.uk/users/mgk25/tamper.pdf}}"
}
@misc{TLSTripleHandshake,
author = "Karthikeyan Bhargavan and Antoine Delignat-Lavaud and C{\'e}dric Fournety and Alfredo Pironti and Pierre-Yves Strub",
title = "{Triple Handshakes and Cookie Cutters: Breaking and Fixing Authentication over TLS}",
note = "{March 2014.  \url{https://secure-resumption.com/tlsauth.pdf}}"
}
@misc{ConsumerReportPhoneTheft2,
author = "{Consumer Reports}",
title = "{Smart phone thefts rose to 3.1 million last year, Consumer Reports finds}",
note = "{Release Date: 04/17/2014.  \url{http://www.consumerreports.org/cro/news/2014/04/smart-phone-thefts-rose-to-3-1-million-last-year/index.htm}}"
}
@misc{ConsumerReportPhoneTheft,
author = "{Consumer Reports}",
title = "{3.1 Million Smart Phones Were Stolen In 2013, Nearly Double the Year Before}",
note = "{Release Date: 04/17/2014.  \url{http://pressroom.consumerreports.org/pressroom/2014/04/my-entry-1.html}}"
}
@misc{ForresterEMMMarketForecast,
author = "John C. McCarthy and Michele Pelino and Pascal Matzke and Rachel Brown",
title = "{Mobile Management Takes A 180-Degree Turn}",
note = "{Forrester.  August 8, 2011.  \url{http://www.forrester.com/Mobile+Management+Takes+A+180Degree+Turn/fulltext/-/E-RES59712?docid=59712}}"
}
@misc{KableEMMMarketForecast,
author = "{Kable Global ICT Intelligence Services}",
title = "{Market Opportunity Forecast to 2018: Enterprise Mobility Management}",
note = "{Feb 26, 2014.
Highlights state that mobile application platform management, 
which constitutes 59\% of the overall enterprise mobility management market,
is forecast to reach \$9 billion by 2018.
Accordingly the total EMM market should reach over \$15 billion.
\url{http://www.myprgenie.com/view-publication/enterprise-mobility-management-market-growth-and-in-depth-analysis-2014-2018}}"
}
@misc{RadicateEMMMarketForecast,
author = "{The Radicati Group, Inc}",
title = "{Enterprise Mobility Management Market, 2013-2017}",
note = "{\url{http://www.radicati.com/?p=10364}}"
}
@misc{ABIResearchMobileSecurityWebinar,
author = "Michela Menting",
title = "Mobile Security",
note = "{ABIresearch webinar. April 3, 2014.  \url{https://www.abiresearch.com/webinars/mobile-security/}}"
}
@misc{CSAMobileTheft,
author = "{Cloud Security Alliance}",
title = "Data Loss from Missing Mobile Devices Ranks as Top Mobile Device Threat by Enterprises",
note = "{October 4, 2012.  \url{https://cloudsecurityalliance.org/media/news/data-loss-mobile-ranks-top-threat-enterprises/}}"
}
@misc{MobileIronS1Form,
author = "{Mobile Iron, Inc}",
title = "{United States Securities and Exchange Commission Form S-1}",
note = "{Filed April 7, 2014.  \url{http://www.sec.gov/Archives/edgar/data/1470099/000119312514132736/d685840ds1.htm}}"
}
@misc{GoodTechnologyS1Form,
author = "{Good Technology Corporation}",
title = "{United States Securities and Exchange Commission Form S-1}",
note = "{Filed May 14, 2014.  \url{http://www.sec.gov/Archives/edgar/data/1089196/000119312514198867/d520327ds1.htm}}"
}
@misc{IDCSecondHand,
author = "{IDC}",
title = "{Worldwide Mobile Enterprise Security Software, Services and Infrastructure 2013-2017 Forecast}",
note = "{July 2013.  Figures cited in the S-1 form filed with the SEC by Good Technology Corporation}"
}
@misc{AtlassianNoSalesForce,
author = "Mark Fidelman",
title = "{Why Atlassian is to Software as Apple is to Design}",
note = "{May 4, 2012.  \url{http://www.forbes.com/sites/markfidelman/2012/05/04/why-atlassian-is-to-software-as-apple-is-to-design/}}"
}
@misc{Gartner2013MDMQuadrant,
author = "{Gartner}",
title = "{Magic Quadrant for Mobile Device Management Software}",
note = "{May 23, 2013.  \url{http://www.gartner.com/technology/reprints.do?id=1-1FRIMH0&ct=130523&st=sb}}"
}
@misc{BoxNSAResistant,
author = "Jon Brodkin",
title = "{Box aims for NSA-resistant cloud security with customers holding the keys}",
note = "{September 16, 2013.  \url{http://arstechnica.com/information-technology/2013/09/box-aims-for-nsa-resistant-cloud-security-with-customers-holding-the-keys/}}"
}
@misc{BoxSeekingEncryption,
author = "Jon Brodkin",
title = {Box wants to let businesses control cloud encryption keys "this year"},
note = "{April 1, 2014.  \url{http://arstechnica.com/information-technology/2014/04/box-wants-to-let-businesses-control-cloud-encryption-keys-this-year/}}"
}
@misc{SymantecDLPMentionsDropbox,
author = "{Symantec}",
title = "{Data Loss Prevention}",
note = "{2014.  \url{http://www.symantec.com/products-solutions/families/?fid=data-loss-prevention}}"
}
@misc{DLPBlogMentionsDropbox,
author = "Rafal Los",
title = "{Data Loss Prevention Step 5: Disable Access to Cloud Storage Services}",
note = "{January 16, 2012.  \url{http://www.infosecisland.com/blogview/19375-Data-Loss-Prevention-Step-5-Disable-Access-to-Cloud-Storage-Services.html}}"
}
@misc{DLPProductMentionsDropbox,
author = "{CoSoSys}",
title  = "{Content Aware Protection}",
note = "{2014.  \url{http://www.endpointprotector.com/solutions/content_aware_data_loss_prevention}}"
}
@misc{DerivedCredentialsPage,
author = "{Pomcor}",
title = "{Derived Credentials}",
note = "{\url{http://pomcor.com/derived-credentials/}}"
}
@misc{DerivedCredentialsExample,
author = "Francisco Corella and Karen Lewison",
title = "{An Example of a Derived Credentials Architecture}",
note = "{\url{http://pomcor.com/techreports/DerivedCredentialsExample.pdf}}"
}
@misc{PatentApp21,
author = "{Francisco Corella and Karen Pomian Lewison}",
title = "{Encapsulating the complexity of cryptographic authentication in black-boxes}",
note = "{US Patent Application 13/925824.  \url{http://www.google.com/patents/US20140006781}}"
}
@misc{PatentApp23,
author = "{Francisco Corella and Karen Pomian Lewison}",
title = "{Cryptographic authentication techniques for mobile devices}",
note = "{US Patent Application 13/954,973.  \url{http://www.google.com/patents/US20140032906}}"
}
@misc{PatentApp24,
author = "{Francisco Corella and Karen Pomian Lewison}",
title = "{Effective data protection for mobile devices}",
note = "{US Patent Application 14/016,022.  \url{http://www.google.com/patents/US20140006806}}"
}
@misc{KeyStretching,
author = "{Wikipedia}",
title = "{Key stretching}",
note = "{Retrieve on May 22, 2014 from \url{http://en.wikipedia.org/wiki/Key_stretching}}"
}
@misc{GartnerEMMDefinition,
author = "{Gartner}",
title = "{Gartner Identifies Top 10 Mobile Technologies and Capabilities for 2015 and 2016}",
note = "{February 24, 2014.  \url{http://www.gartner.com/newsroom/id/2669915}}"
}
@misc{IOCipher,
author = "{The Guardian Project}",
title = "{IOCipher: Virtual Encrypted Disks}",
note = "{Retrieved on May 22, 2014 from \url{https://guardianproject.info/code/iocipher/}}"
}
@misc{K9Mail,
author = "{Jesse Vincent}",
title = "{K-9 Mail}",
note = "{\url{https://github.com/k9mail/k-9/wiki}}"
}
@misc{GartnerMDMWontLast,
author = "Robert Westervelt",
title = "{Mobile Device Management Market Won't Last: Gartner}",
note = "{June 10, 2013.  \url{http://www.crn.com/news/security/240156399/mobile-device-management-market-wont-last-gartner.htm}}"
}
@misc{ReutersGoogleAcquiresDivide,
author = "{Reuters}",
title = "{Google acquires mobile service company Divide}",
note = "{May 19, 2014.  \url{http://www.reuters.com/article/2014/05/19/google-divide-idUSL1N0O515A20140519}}"
}
@misc{RecodeGoogleAcquiresDivide,
author = "Liz Ganes and Ina Fried",
title = "{Google Buys an Enterprise Android Company, Divide (Formerly Known as Enterproid)}",
note = "{May 19, 2014.  \url{http://recode.net/2014/05/19/google-buys-an-enterprise-android-company-divide-formerly-known-as-enterproid/}}"
}
@misc{SamsungKnox,
author = "{Samsung}",
title = "{Device protection with KNOX Workspace}",
note = "{Retrieved on May 23, 2014 from \url{https://www.samsungknox.com/en/solutions/knox}}"
}
@misc{ATTToggle,
author = "{Ina Fried}",
title = "{AT\&T Wants to Help More Smartphone Owners Divide Their Business and Personal Lives}",
note = "{June 13, 2012.  \url{http://allthingsd.com/20120613/att-wants-to-help-more-smartphone-owners-divide-their-business-and-personal-lives/}}"
}
@misc{ZigBeeBandwidth,
author = "{ZigBee Alliance}",
title = "{ZigBee Specification FAQ}",
note = "{Question 8: What are the IEEE 802.15.4 technical attributes on which the ZigBee specification is based?  Retrieved June 5, 2014 from \url{http://www.zigbee.org/Specifications/ZigBee/FAQ.aspx}}"
}
@misc{AttemptedResumeRate,
author = "Adam Langley",
title = "{Message 06624 on the TLS Working Group Mailing List}",
note = "{\url{http://www.ietf.org/mail-archive/web/tls/current/msg06624.html}}"
}
@misc{PrivilegeManagementProtocol,
author = "Paul A. Lambert",
title = "{Key Centric Identity and Privilege Management}",
note = "{Presentation at the 2012 NIST Cryptographic Key Management Workshop.  \url{http://csrc.nist.gov/groups/ST/key_mgmt/documents/Sept2012_Presentations/LAMBERT_CKMW2012.pdf}}"
}
@misc{RFC4423,
author = "R. Moskowitz and P. Nikander",
title = "{Host Identity Protocol (HIP) Architecture}",
note = "{May 2006.  \url{http://tools.ietf.org/html/rfc4423}}"
}
@misc{SPKI,
author = "{Internet Engineering Task Force}",
title = "{Simple Public Key Infrastructure (spki)}",
note = "{Concluded WG.  \url{http://datatracker.ietf.org/wg/spki/}}"
}
@misc{RFC4301,
author = "{S. Kent and K. Seo}",
title = "{Security Architecture for the Internet Protocol}",
note = "{December 2005.  \url{http://tools.ietf.org/html/rfc4301}}"
}
@misc{RFC5723,
author = "Y. Sheffer and H. Tschofenig",
title = "{Internet Key Exchange Protocol Version 2 (IKEv2) Session Resumption}",
note = "{January 2010.  \url{http://tools.ietf.org/html/rfc5723}}"
}
@misc{RFC5996,
author = "C. Kaufman and P. Hoffman and Y. Nir and P. Eronen",
title = "{Internet Key Exchange Protocol Version 2 (IKEv2)}",
note  = "{September 2010.  \url{http://tools.ietf.org/html/rfc5996}}"
}
@article{Boyen2008Tapestry,
author = "Xavier Boyen",
title = "{A tapestry of identity-based encryption: practical frameworks compared}",
journal = {International Journal of Applied Cryptography},
volume = {1},
year = {2008},
pages = {3--21},
issue = {1}
}
@misc{PBCBenchmarks,
author = "Ben Lynn",
title = "{Pairing-Based Cryptographic Library Benchmarks}",
note = "{Retrieved on June 7, 2014 from \url{http://crypto.stanford.edu/pbc/times.html}}"
}
@misc{GoldwasserMicali83,
author = "Shafi Goldwasser and Silvio Micali",
title = "Probabilistic encryption",
journal = "Journal of Computer and System Sciences",
volume = "28",
number = "2",
pages = "270--299",
year = "1984",
note = "{\url{http://www.sciencedirect.com/science/article/pii/0022000084900709}}"
}
@misc{BellareRogaway93,
 author = {Bellare, Mihir and Rogaway, Phillip},
 title = {Entity Authentication and Key Distribution},
 booktitle = {Proceedings of the 13th Annual International Cryptology Conference on Advances in Cryptology},
 series = {CRYPTO '93},
 year = {1994},
 pages = {232--249}
} 
@incollection{FujisakiOkamotoPointchevalStern01,
author={Fujisaki, Eichiro and Okamoto, Tatsuaki and Pointcheval, David and Stern, Jacques},
booktitle="{Advances in Cryptology — CRYPTO 2001}",
editor={Kilian, Joe},
title="{RSA-OAEP Is Secure under the RSA Assumption}",
pages={260--274},
note = "{Long version at \url{http://eprint.iacr.org/2000/061.pdf}}"
}
@article{BrzuskaFischlinSmartWarinschiWilliams13,
year={2013},
journal={International Journal of Information Security},
volume={12},
number={4},
title={Less is more: relaxed yet composable security notions for key exchange},
author={Brzuska, C. and Fischlin, M. and Smart, N.P. and Warinschi, B. and Williams, S.C.},
pages={267--297},
language={English},
note = "{Full version at \url{http://eprint.iacr.org/2012/242.pdf}}"
}
@misc{Canetti06,
    author = {Ran Canetti},
    title = {Security and Composition of Cryptographic Protocols: A Tutorial},
    note = {Cryptology ePrint Archive, Report 2006/465, 2006. \url{http://eprint.iacr.org/}}
}
@incollection{MulkeyKar13,
author = "Clifton Mulkey and Dulal C. Kar",
title = "Identity-Based Encryption Protocol for Privacy and Authentication in Wireless Networks",
booktitle = "Network Security Technologies: Design and Applications",
editor = "Abdelmalek Amine and Otmane Ait Mohamed and Boualem Benatallah",
publisher = "{IGI Global}",
pages = "129--155",
month = nov,
year = 2014
}
{RogawayShrimpton0706,
author = "P. Rogaway and T. Shrimpton",
title = "{Deterministic Authenticated-Encryption: A Provable-Security Treatment of the Key-Wrap Problem}",
booktitle = "{EUROCRYPT '06}",
publisher = "{Springer-Verlag}",
note = "{Long version at \url{http://www.cs.ucdavis.edu/~rogaway/papers/keywrap.pdf}}"
}
@misc{ApplePayAnnouncement,
author = "{Apple Inc}",
title = "{Apple Announces Apple Pay}",
note = "{September 9, 2014.  \url{http://www.apple.com/pr/library/2014/09/09Apple-Announces-Apple-Pay.html}}"
}
@misc{MasterCardTokenization,
author = "{James Anderson}",
title = "{MasterCard Digital Enablement Service (MDES): Making Digital Payments Happen}",
note = "{September 10, 2014.  \url{http://newsroom.mastercard.com/2014/09/10/mastercard-digital-enablement-service-mdes-making-digital-payments-happen/}}"
}
@misc{VisaTokenization,
author = "{Business Wire}",
title = "{Visa Launches Innovative Token Service}",
note = "{September 09, 2014.  \url{www.businesswire.com/news/home/20140909006526/en/Visa-Launches-Innovative-Token-Service}}"
}
@misc{FirstDataTokenization,
author = "{First Data Corporation}",
title = "{EMV and Encryption + Tokenization: A Layered Approach to Security}",
note = "{2012.  \url{http://www.firstdata.com/downloads/thought-leadership/EMV-Encrypt-Tokenization-WP.PDF}}"
}
@misc{EMVTokSpec,
author = "{EMVCo}",
title = "{EMV Payment Tokenisation Specification---Technical Framework}",
note = "{\url{http://www.emvco.com/specifications.aspx?id=263}}"
}
@misc{MakingSenseTokBlogPost,
author = "Francisco Corella",
title = "{Making Sense of the EMV Tokenisation Specification}",
note = "{Blog Post.  October 19, 2014.  \url{http://pomcor.com/2014/10/19/making-sense-of-the-emv-tokenisation-specification/}}"
}
@misc{ApplePayDemo,
author = "Darrell Etherington",
title = "{Here's Apple Pay In Action}",
note = "{September 9, 2014.  \url{http://techcrunch.com/2014/09/09/heres-apple-pay-in-action/}}"
}

@misc{web-crypto-api,
author = "{W3C}",
title = "{Web Cryptography API}",
note = "{\url{https://www.w3.org/TR/WebCryptoAPI/}}"
}
@misc{webcrypto-key-discovery,
author = "{Web Cryptography WG}",
title = "{WebCrypto Key Discovery}",
note = "{Working Group Note 29 March 2016.  \url{https://www.w3.org/TR/webcrypto-key-discovery/}}"
}
@article{lip-reading,
journal = "{IEEE Transactions on Information Forensics and Security}",
volume = {2},
number = {3},
month = sep,
year = {2007},
title = "{Real-Time Face Detection and Motion Analysis With Application in ``Liveness'' Assessment}",
author = "K. Kollreider and H. Fronthaler and M. I. Faraj and J. Bigun"
}
@misc{hancke-relay-attack,
title = "{A Practical Relay Attack on ISO 14443 Proximity Cards}",
author = "Gerhard Hancke",
note = "{January 2005.  \url{http://rfidblog.org.uk/hancke-rfidrelay.pdf}}"
}
@inproceedings{drimer-relay-attack,
title = "{Keep Your Enemies Close: Distance Bounding Against Smartcard Relay Attacks}",
author = "S. Drimer and S. J. Murdoch",
booktitle = "{USENIX Security Symposium}",
year = 2007,
note = "{\url{https://www.usenix.org/legacy/events/sec07/tech/drimer/drimer.pdf}}"
}
@inproceedings{hancke-nfc-eavesdropping,
title = "{Eavesdropping Attacks on High-Frequency RFID Tokens}",
author = "G. P. Hancke",
booktitle = "{Proceedings of the 4th Workshop on RFID Security (RFIDsec’08)}",
month = jul,
year = 2008,
note = "{\url{http://www.rfidblog.org.uk/Hancke-RFIDsec08-Eavesdropping.pdf}}"
}
@misc{emv-contactless,
author = "{EMVCo}",
title = "{EMV Contactless Specifications}",
note = "{\url{https://www.emvco.com/specifications.aspx?id=21}}"
}
@misc{next-gen-passport,
author = "{U.S. Department of State}",
title = "{Elimination of Visa Page Insert Service for U.S. Passport Book Holders}",
note = "{\url{http://www.regulations.gov/document?D=DOS-2015-0017-0001}}"
}
@misc{m2m-secure-channels,
author = "F. Corella and K. P. Lewison",
title = "{Identity-Based Protocol Design Patterns for Machine-to-Machine Secure Channels}",
year = "2014",
note = "{Presented at M2MSec'14.  \url{https://pomcor.com/techreports/M2MSec14.pdf}}"
}
@misc{EthereumYellowPaper,
author = "Gavin Wood",
title = "{Ethereum: A Secure Decentralised Generalised Transaction Ledger---Homestead Revision}",
note = "{\url{http://gavwood.com/Paper.pdf}}"
}
@misc{EthereumWhitePaper,
author = "{Ethereum Wiki}",
title = "{Ethereum White Paper}",
note = "{\url{https://github.com/ethereum/wiki/wiki/White-Paper}}"
}
@misc{VoiceMorphing,
author = "Dibya Mukhopadhyay and Maliheh Shirvanian and Nitesh Saxena",
title = "{All Your Voices Are Belong to Us: Stealing Voices to Fool Humans and Machines}",
note = "{European Symposium on Research in Computer Security (ESORICS), September 2015.  Available at \url{https://www.cis.uab.edu/saxena/docs/mss-esorics15.pdf}}"
}
@misc{TurkmaniVisemes,
author = "A. Turkmani",
title = "{Visual Analysis of Viseme Dynamics}",
note = "{PhD Thesis, September 2007.  \url{http://epubs.surrey.ac.uk/804944/1/Turkmani2008.pdf}}"
}
@inproceedings{InPursuitOfVisemes,
  author    = {Sarah Hilder and
               Barry{-}John Theobald and
               Richard W. Harvey},
  title     = {In pursuit of visemes},
  booktitle = {Auditory-Visual Speech Processing, {AVSP} 2010, Hakone, Kanagawa,
               Japan, September 30 - October 3, 2010},
  pages     = {8--2},
  year      = {2010},
  note       = "{\url{http://www.isca-speech.org/archive/avsp10/av10_S8-2.html}}"
}
@misc{BonehShoup2016GradCourseV02,
title = "{A Graduate Course in Applied Cryptography}",
author = "Dan Boneh and Victor Shoup",
note = "{Version 0.2.  August 17, 2015.  \url{https://crypto.stanford.edu/~dabo/cryptobook/}}"
}
@misc{BonehShoup2017GradCourseV04,
title = "{A Graduate Course in Applied Cryptography}",
author = "Dan Boneh and Victor Shoup",
note = "{Version 0.4.  September 2017.  \url{https://crypto.stanford.edu/~dabo/cryptobook/}}"
}
@book{Katzlindell2014textbook,
 author = {Jonathan Katz and Yehuda Lindell},
 title = {Introduction to Modern Cryptography, Second Edition},
 year = {2014},
 edition = {2nd},
 publisher = {Chapman \& Hall/CRC}
} 
@misc{RemoteIDProofingPost,
author = "Francisco Corella",
title = "{Pomcor Receives DHS Grant to Look for Alternatives to Knowledge-Based Verification for Remote Identity Proofing}",
note = "{Pomcor blog post, August 3, 2016.  \url{https://pomcor.com/2016/08/03/pomcor-receives-dhs-grant-to-look-for-alternatives-to-knowledge-based-verification-for-remote-identity-proofing/}}"
}
@misc{UKIDProofing,
author = "{UK Government}",
title = "{Identity Proofing and Verification of an Individual}",
note = "{July 2014.  \url{https://www.gov.uk/government/uploads/system/uploads/attachment_data/file/370033/GPG_45_identity_proofing_v2_3_July_2014.pdf}}"
}
@misc{IdentityMixerBluemix,
author = "{IBM}",
title = "{Getting started with Identity Mixer (Experimental)}",
note = "{\url{https://console.ng.bluemix.net/docs/services/identitymixer/index.html}}"
}
@misc{IdentityMixerZurich,
author = "{IBM Research, Zurich}",
title = "{Identity Mixer---A cryptographic algorithm to protect your privacy}",
note = "{\url{http://www.research.ibm.com/labs/zurich/idemix/publications.html}}"
}
@misc{MicrosoftUProve,
author = "{Micosoft}",
title = "{U-Prove}",
note = "{\url{https://www.microsoft.com/en-us/research/project/u-prove/}}"
}
@misc{PomcorBlogRevocableBiometrics,
author = "Francisco Corella",
title = "{Revocable Biometrics Discussion at the Internet Identity Workshop}",
note = "{May 2, 2016.  \url{https://pomcor.com/2016/05/02/revocable-biometrics-discussion-at-theinternet-
identity-workshop/}}"
}
@misc{PassportEnhancements,
author = "{State Deparment}",
title = "{Proposed Elimination of Visa Page Insert Service for U.S. Passport Book Holders}",
note = "{April 29, 2015.  \url{https://www.federalregister.gov/documents/2015/04/29/2015-09719/proposed-elimination-of-visa-page-insert-service-for-us-passport-book-holders}}"
}
@misc{its-time-to-replace-tls,
author = "F. Corella and K. Lewison",
title = "{It Is Time to Redesign Transport Layer Security}",
note = "{January 2014.  \url{https://pomcor.com/whitepapers/TimeToRedesignTLS.pdf}}"
}
@misc{fake-drivers-licenses,
author = "Dave Savini",
title  = "{2 Investigators: China Floods U.S. With Near-Perfect Fake Driver's Licenses}",
note = "{September 22, 2014.  \url{http://chicago.cbslocal.com/2014/09/22/2-investigators-china-floods-u-s-with-near-perfect-fake-drivers-licenses/}}"
}
@misc{BankID,
author = "{Finansiell ID-Teknik BID AB}",
title = "{BankID}",
note = "{\url{https://www.bankid.com/en/}}"
}
@misc{BankIDMobileAuth,
author = "Justin Lee",
title = "{Norway's BankID selects Encap Security platform for digital ID pilot}",
note = "{June 27, 2016.  \url{http://www.biometricupdate.com/201606/norways-bankid-selects-encap-security-platform-for-digital-id-pilot}}"
}
@misc{Bitcoin40Banks,
author = "Laura Shin",
title = "{Bitcoin Technology Tested In Trial By 40 Big Banks}",
note = "{Forbes, March 3, 2016.  \url{http://www.forbes.com/sites/laurashin/2016/03/03/bitcoin-technology-tested-in-trial-by-40-bigbanks/}}"
}
@misc{WallSteetEmbracingBlockchain,
author = "Cade Metz",
title = "{Why Wall Street Is Embracing the Blockchain---Its Biggest Threat}",
note = "{Wired, February 16, 2016.  \url{http://www.wired.com/2016/02/wall-street-is-embracing-the-blockchain-its-biggest-threat/}}"
}
@misc{BankOfAmericaBlockchain,
author = "Arjun Kharplan and Julia Chatterley",
title = "{Bank of America is going big on blockchain}",
note = "{CNBC, January 28, 2016.  \url{http://www.cnbc.com/2016/01/28/bank-of-america-is-going-big-on-blockchain-plans-to-file-20-patents.html}}"
}
@misc{SpeakerRecognitionBarclays,
author = "{Barclays}",
title = "{Banking on the power of speech}",
note = "{\url{https://wealth.barclays.com/en_gb/home/international-banking/insight-research/manage-yourmoney/
banking-on-the-power-of-speech.html}}"
}
@misc{VoiceRecognitionBanking,
author = "Mark Ryan",
title = "{Will Voice Recognition Kill Online Banking?}",
note = "{March 10, 2016.  \url{http://thefinancialbrand.com/57631/online-banking-voice-recognition-authentication/}}"
}
@misc{HSBCVoiceRecognition,
author = "Amar Toor",
title = "{HSBC brings Touch ID and voice recognition to UK banks}",
note = "{February 22, 2016.  \url{http://www.theverge.com/2016/2/22/11091876/hsbc-touch-id-voice-recognition-biometric-bank}}"
}
@misc{OCBCVoiceBiometrics,
author = "Stephen Mayhew",
title = "{OCBC Bank says voice biometrics for authentication will be available to all retail customers by Q4}",
note = "{May 24, 2016.  \url{http://www.biometricupdate.com/201605/ocbc-bank-says-voice-biometrics-for-authentication-will-be-available-to-all-retail-customers-by-q4}}"
}
@misc{NakamotoBitcoin,
author = "Satoshi Nakamoto",
title = "{Bitcoin: A Peer-to-Peer Electronic Cash System}",
note = "{October 2008.  \url{https://bitcoin.org/en/bitcoin-paper}}"
}
@misc{coinmarketcap,
author = "{CoinMarketCap}",
title = "{Crypto-Currency Market Capitalizations}",
note = "{\url{http://coinmarketcap.com/}}"
}
@misc{BlockchainSurvey,
author = "{Nomura Research Institute}",
title = "{Survey on Blockchain Technologies and Related Services}",
note = "{March 2016.  \url{http://www.meti.go.jp/english/press/2016/pdf/0531_01f.pdf}}"
}
@misc{EMV-4.3-Book2,
author = "{EMVCo, LLC}",
title = "{EMV Integrated Circuit Card Specifications for Payment Systems, Book 2, Security and
Key Management, Version 4.3}",
note = "{\url{https://www.emvco.com/download_agreement.aspx?id=653}}"
}
@misc{DHS-e-Passport,
author = "{Department of Homeland Security}",
title = "{e-Passports}",
note = "{\url{https://www.dhs.gov/e-passports}}"
}
@misc{ICAO-9303,
author = "{International Civil Aviation Organization (ICAO)}",
title = "{Document 9303}",
note = "{\url{http://www.icao.int/publications/pages/publication.aspx?docnum=9303}}"
}
@misc{ICAO-9303-Part-11,
author = "{International Civil Aviation Organization (ICAO)}",
title = "{Document 9303, Part 11}",
note = "{\url{http://www.icao.int/publications/Documents/9303_p11_cons_en.pdf}}"
}
@misc{CardFormatPassport,
author = "{Department of State}",
title = "{Card Format Passport; Changes to Passport Fee Schedule}",
note = "{Federal Register Volume 71, Number 200 (Tuesday, October 17, 2006).  \url{https://www.gpo.gov/fdsys/pkg/FR-2006-10-17/html/E6-17237.htm}}"
}
@misc{MedicareAct,
author = "{US Congress}",
title = "{Medicare Access and CHIP Reauthorization Act of 2015}",
note = "{\url{https://www.congress.gov/bill/114th-congress/house-bill/2/text}}"
}
@misc{MRTDAttacks,
author = "Gaurav S. Kc and Paul A. Karger",
title = "{Preventing Attacks against Machine Readable Travel Documents (MRTDs)}",
note = "{IBM Research Report RC 23909 (W0603-079), 10 March 2006.}"
}
@misc{DHSSBIRTopic:H-SB016.1-010,
author = "{Department of Homeland Security}",
title = "{Remote Identity Proofing Alternatives to Knowledge Based Authentication/Verification}",
note = "{SBIR Solication HSHQDC-16-R-00012, Topic H-SB016.1-010, Technical Point of Contact: Anil John.  \url{https://www.sbir.gov/sbirsearch/detail/867815}}"
}
@misc{IRSBreachStatement,
author = "{Internal Revenue Service}",
title = "{IRS Statement on the "Get Transcript" Application}",
note = "{May 26, 2015.  \url{https://www.irs.gov/uac/newsroom/irs-statement-on-the-get-transcript-application}}",
}
@misc{IRSBreachAdditionalStatement,
author = "{Internal Revenue Service}",
title = "{Additional IRS Statement on the "Get Transcript" Incident}",
note = "{Aug. 17, 2015.  \url{https://www.irs.gov/uac/newsroom/additional-irs-statement-on-the-get-transcript-incident}}"
}
@misc{NISTICImpacts,
author = "{NSTIC National Program Office}",
title = "{NSTIC Impacts}",
note = "{As of June 2016\ldots the pilots have impacted over 5.9 million individuals, with advances occurring across 12 sectors --- including the development of 10 multi-factor authentication solutions.  \url{https://www.nist.gov/itl/nstic/about#impacts}.  Retrieved November 8, 2016.}"
}
@misc{NISTIR8054,
author = "Katerina Megas and Phil Lam and Ellen Nadeau and Colin Soutar",
title = "{NSTIC Pilots: Catalyzing the Identity Ecosystem}",
note = "{April 2015.  Includes updates as of 9-20-2015.  \url{http://nvlpubs.nist.gov/nistpubs/ir/2015/NIST.IR.8054.pdf}}"
}
@misc{BlockchainPKIPaper,
author = "Karen Lewison and Francisco Corella",
title = "{Backing Rich Credentials with a Blockchain PKI}",
note = "{Pomcor technical report, October 24, 2016.  \url{https://pomcor.com/techreports/BlockchainPkI.pdf}}"
}
@misc{NFCforProofingPaper,
author = "Francisco Corella and Karen Lewison",
title = "{Using Near-Field Communication for Remote Identity Proofing}",
note = "{October 29, 2016.  \url{https://pomcor.com/techreports/NFCforRemoteIDProofing.pdf}}"
}
@misc{BiometricCertificates1,
author = "Clyde Musgrave and Robert S. Dulude",
title = "{System and Method for Autenticating Electronic Transactions Using Biometric Certificates}",
note = "{US Patent 6,202,151.  \url{https://patents.google.com/patent/US6202151B1/en}}"
}
@misc{BiometricCertificates2,
author = "Robet S. Dulude and Clyde Musgrave",
title = "{Biometric Certificates}",
note = "{US Patent 6,310,966.  \url{https://patents.google.com/patent/US6310966B1/en}}"
}
@misc{CamenischBiometrics,
author = "J. L. Camenisch and T. R. Gross and T. S. Heydt-Benjamin",
title = "{Cryptographic Proofs in Data Processing Systems}",
note = "{US Patent 8,527,777.  \url{https://patents.google.com/patent/US8527777B2/en}}"
}
@inproceedings{GunasingheBertino,
author = "Hasini Gunasinghe and Elisa Bertino",
title = "{Privacy Preserving Biometrics-Based and User Centric Authentication Protocol}",
booktitle = "{Proceedings of 8th International Conference on Network and System Security, Xi'an, China}",
month = oct,
year = 2014
}
@article{Nakagawa:2006:TSR:1184856.1184912,
 author = {Seiichi Nakagawa and Wei Zhang and Mitsuo Takahashi},
 title = {Text-Independent/Text-Prompted Speaker Recognition by Combining Speaker-Specific GMM with Speaker Adapted Syllable-Based HMM},
 journal = {IEICE - Trans. Inf. Syst.},
 issue_date = {March 2006},
 volume = {E89-D},
 number = {3},
 month = mar,
 year = {2006},
 pages = {1058--1065},
 publisher = {Oxford University Press}
} 
@misc{webauthnapi,
author = "{W3C}",
title = "{Web Authentication: An API for accessing Scoped Credentials}",
note = "{Working Draft, 28 September 2016.  \url{https://www.w3.org/TR/2016/WD-webauthn-20160928/}}"
}
@misc{webauthnapi20170505,
author = "{W3C}",
title = "{Web Authentication: An API for accessing Scoped Credentials}",
note = "{Working Draft, 28 September 2016.  \url{https://www.w3.org/TR/2017/WD-webauthn-20170505/}}"
}
@misc{Multipart-SP800-800-63-3,
author = "{NIST}",
title = "{SP 800-63-3}",
note = "{DRAFT Digital Authentication Guideline (Public Preview).  \url{http://csrc.nist.gov/publications/PubsDrafts.html#SP-800-63--3}}"
}
@misc{web-crypto-api-mdn,
author = "{Mozilla Developer Network}",
title = "{Web Crypto API}",
note = "{\url{https://developer.mozilla.org/en-US/docs/Web/API/Web_Crypto_API}}"
}
@misc{iso-iec-29115,
author = "{ISO/IEC}",
title = "{ISO/IEC 29115:2013 --- Information technology --- Security techniques --- Entity authentication assurance framework}",
note = "{\url{http://www.iso.org/iso/catalogue_detail.htm?csnumber=45138}}"
}
@misc{pkijs,
author = "{PeculiarVentures}",
title = "{PKI.js}",
note = "{\url{https://github.com/PeculiarVentures/PKI.js}}"
}
@misc{asn1js,
author = "{PeculiarVentures}",
title = "{ASN1.js}",
note = "{\url{https://github.com/PeculiarVentures/ASN1.js}}"
}
@misc{icao-pkd,
author = "{International Civil Aviation Organization (ICAO)}",
title = "{Public Key Directory (PKD)}",
note = "{\url{https://pkddownloadsg.icao.int/}}"
}
@misc{DeepFace,
author = "Aniv Taigman and Ming Yang and Marc Aurelio Ranzato and Lior Wolf",
title = "{Deepface:  Closing the gap to human-level performance in face verification}",
note = "{In Proceedings of the IEEE Conference on Computer Vision and Pattern Recognition (CVPR), pages 1701–1708, 2014}"
}
@misc{FaceNet,
author = "Florian Schroff and Dmitry Kalenichenko and James Philbin",
title = "{Facenet: A unified embedding for face recognition and clustering}",
note = "{In Proceedings of the IEEE Conference on Computer Vision and Pattern Recognition, pages 815–823, 2015}"
}
@misc{OpenFace,
title = "{OpenFace: A general-purpose face recognition library with mobile applications}",
author = "Brandon Amos and Bartosz Ludwiczuky and Mahadev Satyanarayanan",
note = "{CMU-CS-16-118, June 2016.  \url{http://reports-archive.adm.cs.cmu.edu/anon/2016/CMU-CS-16-118.pdf}}"
}
@inproceedings{EyeGlasses,
 author = {Sharif, Mahmood and Bhagavatula, Sruti and Bauer, Lujo and Reiter, Michael K.},
 title = {Accessorize to a Crime: Real and Stealthy Attacks on State-of-the-Art Face Recognition},
 booktitle = {Proceedings of the 2016 ACM SIGSAC Conference on Computer and Communications Security},
 series = {CCS '16},
 year = {2016},
 location = {Vienna, Austria},
 pages = {1528--1540},
 publisher = {ACM},
}
@misc{LBPHinOpenCV,
author = "{OpenCV}",
title = "{Local Binary Patterns Histograms}",
note = "{\url{http://docs.opencv.org/2.4/modules/contrib/doc/facerec/facerec_tutorial.html#local-binary-patterns-histograms}}"
}
@misc{OpenFaceSoftware,
author = "{OpenFace}",
title = "{Free and open source face recognition with deep neural networks}",
note = "{\url{http://cmusatyalab.github.io/openface/}}"
}
@misc{OpenCVFaceDetection,
author = "{OpenCV}",
title = "{Face Detection using Haar Cascades}",
note = "{\url{http://docs.opencv.org/trunk/d7/d8b/tutorial_py_face_detection.html}}"
}
@inproceedings {VirtualModelFace,
author = {Yi Xu and True Price and Jan-Michael Frahm and Fabian Monrose},
title = {Virtual U: Defeating Face Liveness Detection by Building Virtual Models from Your Public Photos},
booktitle = {25th USENIX Security Symposium (USENIX Security 16)},
year = {2016},
month = Aug,
pages = {497--512},
note = "{\url{https://www.usenix.org/conference/usenixsecurity16/technical-sessions/presentation/xu}}"
}
@inproceedings{Pavlidis:2000:IIA:518905.795366,
 author = {Pavlidis, Ioannis and Symosek, Peter},
 title = {The Imaging Issue in an Automatic Face/Disguise Detection System},
 booktitle = {Proceedings of the IEEE Workshop on Computer Vision Beyond the Visible Spectrum: Methods and Applications},
year = 2000
} 
@misc{oidc-provider,
author = "{Filip Skokan (panva)}",
title = "{oidc-provider}",
note = "{\url{https://www.npmjs.com/package/oidc-provider}}"
}
@misc{openid-client,
author = "{Filip Skokan (panva)}",
title = "{openid-client}",
note = "{\url{https://www.npmjs.com/package/openid-client}}"
}
@misc{morphotrust-eID,
author = "{MorphoTrust USA}",
title = "{Electronic ID (eID)}",
note = "{\url{http://www.morphotrust.com/eID.aspx}}"
}
@misc{morphotrust-mDL,
author = "{MorphoTrust USA}",
title = "{Morphotrust\textsuperscript{\textregistered} Mobile Driver License (mDL)}",
note = "{\url{http://www.morphotrust.com/eID.aspx}}"
}
@misc{yoti,
author = "{Yoti}",
title = "{Yoti is your ID, on your phone}",
note = "{\url{https://www.yoti.com/}}"
}
@inproceedings{blockstack,
author = {Muneeb Ali and Jude Nelson and Ryan Shea and Michael J. Freedman},
title = {Blockstack: A Global Naming and Storage System Secured by Blockchains},
booktitle = {2016 USENIX Annual Technical Conference (USENIX ATC 16)},
year = {2016},
month = Jun,
pages = {181--194},
note = "{\url{https://www.usenix.org/conference/atc16/technical-sessions/presentation/ali}}"
}
@misc{sovrin,
author = "Dmitry Khovratovich and Jason Law",
title = "{Sovrin: digital identities in the blockchain era}",
note = "{\url{https://github.com/WebOfTrustInfo/rebooting-the-web-of-trust-fall2016/raw/master/topics-and-advance-readings/Sovrin--digital-identities-in-the-blockchain-era.pdf}}"
}
@misc{u-prove-announcement-rsa,
author = "John K. Waters",
title = "{RSA: Microsoft Releases U-Prove CTP}",
note = "{\url{https://redmondmag.com/articles/2010/03/03/rsa-microsoft-uprove-ctp.aspx}}"
}
@misc{IdBs,
author = "Paul Grassi and Naomi Lefkovitz and Kevin Mangold",
title = "{Privacy-Enhanced Identity Brokers}",
note = "{10/19/2015.  \url{https://nccoe.nist.gov/sites/default/files/library/project-descriptions/privacy-enhanced-identity-brokers-project-description-draft.pdf}}"
}
@misc{NSTICPilotsWebPage,
author = "{NSTIC NPO}",
title = "{Pilot projects \& partners}",
note = "{\url{https://www.nist.gov/itl/nstic/pilot-projects}}"
}
@misc{CSDII-failure,
author = "{AISHealth}",
title = "{Health System Looks to Strengthen Security by Eliminating Passwords}",
note = "{January 2015.  \url{https://aishealth.com/archive/hipaa0115-05}}"
}
@misc{NathanSchorFoundersSpace,
author = "Nathan Schor",
title = "{Lead Mentor at Founders Space}",
note = "{\url{http://www.foundersspace.com/mentors/nathan-schor-master-of-persuasion/}}"
}
@misc{Parisoma,
author = "{Parisoma coworking space}",
title = "{PARISOMA is a space where ideas meet execution}",
note = "{\url{http://www.parisoma.com/}}"
}
@misc{data-brokers,
author = "Lois Beckett",
title = "{Everything We Know About What Data Brokers Know About You}",
note = "{\url{https://www.propublica.org/article/everything-we-know-about-what-data-brokers-know-about-you}}"
}
@misc{morphotrust-pilot,
author = "{Safran}",
title = "{Georgia and North Carolina Partner with MorphoTrust to Reduce Tax Fraud}",
note = "{\url{http://www.morpho.com/en/media/20150923_georgia-and-north-carolina-partner-morphotrust-reduce-tax-fraud}}"
}
@misc{gemalto-driving-licenses,
author = "{Gemalto}",
title = "{New driving licenses}",
note = "{\url{http://www.gemalto.com/govt/traffic}}"
}
@misc{gemalto-driving-license-2,
author = "{Gemalto}",
title = "{Steering the future with electronic Driving License}",
note = "{\url{http://www.gemalto.com/brochures-site/download-site/Documents/documentgating/gov_wp_eDriving_license.pdf}}"
}
@misc{ssl-survey,
author = "{Netcraft}",
title = "{SSL Survey}",
note = "{\url{https://news.netcraft.com/archives/2015/05/13/counting-ssl-certificates.html}}"
}
@misc{bofa-mobile-mortgage,
author = "Philip Ryan",
title = "{New Bank of America Video Shows Mobile Mortgage Process}",
note = "{August 2, 2016.  \url{http://bankinnovation.net/2016/08/new-bank-of-america-video-shows-mobile-mortgage-process-sort-of/}}"
}
@misc{MorphoTrustAL,
author = "{BusinessWire}",
title = "{MorphoTrust and the State of Alabama Tackle Identity Theft and Tax Refund Fraud}",
note = "{May 18, 2016.  \url{http://www.businesswire.com/news/home/20160518005220/en/MorphoTrust-State-Alabama-Tackle-Identity-Theft-Tax}}"
}
@misc{banks-transitive-proofing,
author = "{PYMNTS}",
title = "{For Digital Identities, Verify And Verify Again}",
note = "{October 31, 2016.  \url{http://www.pymnts.com/pymnts-topic-tbd/2016/for-digital-identities-verify-and-verify-again/}}"
}
@misc{riskalyze,
author = "{Riskalyze}",
title = "{We align the world’s investments with each investor’s Risk Number\textsuperscript{\textregistered}}",
note = "{\url{https://www.riskalyze.com/about}}"
}
@misc{virginia-notary-faqs,
author = "Kelly Thomasson",
title = "{Frequently Asked Questions About Becoming a Virginia Electronic Notary}",
note = "{\url{https://commonwealth.virginia.gov/official-documents/notary-commissions/enotary-faq/}}"
}
@misc{notaries-endangered,
title = "{Are Notaries an Endangered Species?}",
author = "Steven E. Williams",
note = "{\url{http://www.williamsassociates-ltd.com/articles/Are_Notaries_an_Endangered_Species_by_Steven_E_Williams.pdf}}"
}
@misc{sale-of-morphotrust,
author = "Stephen Mayhew",
title = "{Safran in exclusive talks to sell biometrics division to Advent for \$2.7B}",
note = "{October 3, 2016.  \url{http://www.biometricupdate.com/201610/safran-in-exclusive-talks-to-sell-biometrics-division-to-advent-for-2-7b}}"
}
@misc{sp800-57part1rev4,
author = "Elaine Barker",
title = "{Recommendation for Key Management}",
note = "{NIST Special Publication 800-57 Part 1 Revision 4. \url{http://nvlpubs.nist.gov/nistpubs/SpecialPublications/NIST.SP.800-57pt1r4.pdf}}"
}
@misc{sp800-57part1rev5,
author = "Elaine Barker",
title = "{Recommendation for Key Management}",
note = "{NIST Special Publication 800-57 Part 1 Revision 5. \url{http://nvlpubs.nist.gov/nistpubs/SpecialPublications/NIST.SP.800-57pt1r5.pdf}}"
}
@misc{sjcl,
author = "Emily Stark and Mike Hamburg and Dan Boneh",
title = "{Stanford JavaScript Crypto Library}",
note = "{\url{https://github.com/bitwiseshiftleft/sjcl}}"
}
@misc{sp800-89,
author = "Elaine Barker",
title = "{Recommendation for Obtaining Assurances for Digital Signature Applications}",
note = "{NIST Special Publication 800-89.  \url{http://nvlpubs.nist.gov/nistpubs/Legacy/SP/nistspecialpublication800-89.pdf}}"
}
@misc{react-native,
author = "{Facebook}",
title = "{React Native}",
note = "{\url{https://facebook.github.io/react-native/}}"
}
@misc{node-js,
author = "{Node.js Foundation}",
title = "{node.js}",
note = "{\url{https://node.js}}"
}
@book{washington2003elliptic,
  title={Elliptic Curves: Number Theory and Cryptography},
  author="Lawrence C. Washington",
  year={2003},
  publisher={CRC Press}
}
@misc{msAjaxMinifier,
author = "{Microsoft}",
title = "{Ajax Minifier}",
note = "{\url{http://ajaxmin.codeplex.com/}}"
}
@misc{js-typed-arrays,
author = "{Mozilla Developer Network}",
title = "{JavaScript typed array}",
note = "{\url{https://developer.mozilla.org/en-US/docs/Web/JavaScript/Typed_arrays}}"
}
@misc{NISTCurves,
author = "{NIST}",
title = "{Recommended Elliptic Curves for Federal Government Use}",
note = "{July 1999.  \url{http://csrc.nist.gov/groups/ST/toolkit/documents/NISTReCur.doc}}"
}
@misc{identogo,
author = "{MorphoTrust USA}",
title = "{IdentoGO}",
note = "{\url{https://www.identogo.com/}}"
}
@incollection{Taschwer2001,
author="Taschwer, Mario",
editor="Horster, Patrick",
title="Modular Multiplication Using Special Prime Moduli",
bookTitle="Kommunikationssicherheit im Zeichen des Internet: Grundlagen, Strategien, Realisierungen, Anwendungen",
year="2001",
publisher="Vieweg+Teubner Verlag",
address="Wiesbaden",
pages="346--371",
isbn="978-3-322-89557-8",
doi="10.1007/978-3-322-89557-8_30",
url="http://dx.doi.org/10.1007/978-3-322-89557-8_30"
}
@book{HankersonEtAlECC,
author="D. Hankerson and A. Menezes and S. Vanstone",
title="{Guide to Elliptic Curve Cryptography}",
publisher="{Springer-Verlag}",
year=2004
}
@book{Goodfellow-et-al-2016,
    title={Deep Learning},
    author={Ian Goodfellow and Yoshua Bengio and Aaron Courville},
    publisher={MIT Press},
    note={\url{http://www.deeplearningbook.org}},
    year={2016}
}
@Inbook{Czajka2016,
author="Czajka, Adam",
editor="Bowyer, Kevin W.
and Burge, Mark J.",
title="Iris Liveness Detection by Modeling Dynamic Pupil Features",
bookTitle="Handbook of Iris Recognition",
year="2016",
publisher="Springer London",
address="London",
pages="439--467",
isbn="978-1-4471-6784-6",
doi="10.1007/978-1-4471-6784-6_19",
url="http://dx.doi.org/10.1007/978-1-4471-6784-6_19"
}
@Inbook{Zeiler2014,
author="Zeiler, Matthew D.
and Fergus, Rob",
editor="Fleet, David
and Pajdla, Tomas
and Schiele, Bernt
and Tuytelaars, Tinne",
title="Visualizing and Understanding Convolutional Networks",
bookTitle="Computer Vision -- ECCV 2014: 13th European Conference, Zurich, Switzerland, September 6-12, 2014, Proceedings, Part I",
year="2014",
publisher="Springer International Publishing",
address="Cham",
pages="818--833",
isbn="978-3-319-10590-1",
doi="10.1007/978-3-319-10590-1_53",
url="http://dx.doi.org/10.1007/978-3-319-10590-1_53"
}
@article{DBLP:journals/corr/Moosavi-Dezfooli16,
  author    = {Seyed{-}Mohsen Moosavi{-}Dezfooli and
               Alhussein Fawzi and
               Omar Fawzi and
               Pascal Frossard},
  title     = {Universal adversarial perturbations},
  journal   = {CoRR},
  volume    = {abs/1610.08401},
  year      = {2016},
  url       = {http://arxiv.org/abs/1610.08401},
  timestamp = {Wed, 02 Nov 2016 09:51:26 +0100},
  biburl    = {http://dblp.uni-trier.de/rec/bib/journals/corr/Moosavi-Dezfooli16},
  bibsource = {dblp computer science bibliography, http://dblp.org}
}
@inproceedings{Desmedt87,
author = "Y. Desmedt and C. Goutier and S. Bengio",
title = "{Special Uses and Abuses of the Fiat-Shamir Passport Protocol}",
booktitle = "{Advances in Cryptology - CRYPT0 '87, LNCS 293}",
pages = "{21--39}",
year = 1987
}
@book{Schneier96,
author = "B. Schneier",
title = "{Applied Cryptography: Protocols, Algorithms, and Source Code in C, 2nd edn.}",
publisher = "Wiley",
year = 1996
}
@misc{indexeddb-api,
author = "{W3C}",
title = "{Indexed Database API}",
note = "{\url{https://www.w3.org/TR/IndexedDB/}}"
}
@misc{indexeddb-api-mozilla,
author = "{Mozilla}",
title = "{IndexedDB API}",
note = "{\url{https://developer.mozilla.org/en-US/docs/Web/API/IndexedDB_API}}"
}
@misc{RichCredentials,
author = "Karen Lewison and Francisco Corella",
title = "{Rich Credentials for Remote Identity Proofing}",
note = "{Revised June 19, 2017.  \url{https://pomcor.com/techreports/RichCredentials.pdf}}"
}
@misc{KeysInBrowserBlog,
author = "Francisco Corella and Karen Lewison",
title = "{Blog post: Storing Cryptographic Keys in Persistent Browser Storage}",
note = "{June 2, 2017.  \url{https://pomcor.com/2017/06/02/keys-in-browser/}}"
}
@misc{KeysInBrowserPresentation,
author = "Francisco Corella and Karen Lewison",
title = "{Presentation at ICMC 2017: Storing Cryptographic Keys in Persistent Browser Storage}",
note = "{Revised June 2, 2017.  \url{https://pomcor.com/documents/KeysInBrowser.pdf}}"
}
@misc{FIDO20,
author = "{FIDO Alliance}",
title = "{FIDO 2.0: Client To Authenticator Protocol}",
note = "{Review Draft 19 October 2016.  \url{https://fidoalliance.org/specs/fido-v2.0-rd-20161004/fido-client-to-authenticator-protocol-v2.0-rd-20161004.html#protocol-structure}}"
}
@misc{BrowserIsolation,
author = "Kelly Jackson Higgins",
title = "{Symantec to Buy ``browser isolation'' Firm Fireglass}",
note = "{July 6, 2017.  \url{http://www.darkreading.com/application-security/symantec-to-buy-browser-isolation-firm-fireglass/d/d-id/1329281}}"
}
@misc{CBOR,
author = "C. Bormann and P. Hoffman",
title = "{Concise Binary Object Representation (CBOR)}",
note = "{IETF RFC 7049, October 2013.  \url{https://tools.ietf.org/html/rfc7049}}"
}
@misc{EckersleyBurns2010,
author = "P. Eckersley and J. Burns",
title = "{An Observatory for the SSLiverse}",
note = "{Presentation at DEFCON 18 (2010). \url{https://www.eff.org/files/defconssliverse.pdf}}"
}
@misc{Matsumoto2016IKP,
title="{IKP: Turning a PKI Around with Blockchains}",
author="Stephanos Matsumoto and Raphael M. Reischuk",
note = "{IACR Cryptology ePrint Archive, 2017.  \url{http://eprint.iacr.org/2016/1018}}"
}
@misc{CertificateTransparencyDotOrg,
author = "{Google}",
title = "{Certificate Transparency}",
note = "{\url{http://www.certificate-transparency.org/}}"
}
@misc{CTWG,
author = "{IETF}",
title = "{Public Notary Transparency (trans) Working Group}",
note = "{\url{https://datatracker.ietf.org/wg/trans/charter/}}"
}
@misc{TACK,
author = "M.M. Marlinspike",
title = "{Trust Assertions for Certificate Keys}",
note = "{January 7, 2013.  \url{https://tools.ietf.org/id/draft-perrin-tls-tack-02.html}}"
}
@misc{HPKP,
author = "{Ivan Ristic}",
title = "{Is HTTP Public Key Pinning Dead?}",
note = "{September 6, 2016.  \url{https://blog.qualys.com/ssllabs/2016/09/06/is-http-public-key-pinning-dead}}"
}
@misc{Perspectives,
titile = "{Perspectives: Improving SSH-style Host Authentication with Multi-Path Probing}",
author = "Dan Wendlandt and David G. Andersen and Adrian Perrig",
note = "{2008 USENIX Annual Technical Conference.  \url{http://static.usenix.org/event/usenix08/tech/full_papers/wendlandt/wendlandt.pdf}}"
}
@inproceedings{conf/iscc/AlicherryK09,
  author = {Alicherry, Mansoor and Keromytis, Angelos D.},
  booktitle = {ISCC},
  pages = {557-563},
  publisher = {IEEE Computer Society},
  title = "{DoubleCheck: Multi-path verification against man-in-the-middle attacks}",
  year = 2009
}
@misc{SovereignKeys,
title = "{Sovereign Keys: A Proposal to Make HTTPS and Email More Secure}",
author = "Peter Eckersley",
note = "{November 18, 2011.  \url{https://www.eff.org/deeplinks/2011/11/sovereign-keys-proposal-make-https-and-email-more-secure}}"
}
@INPROCEEDINGS{Liu2015LLCSideChannel, 
author={F. Liu and Y. Yarom and Q. Ge and G. Heiser and R. B. Lee}, 
booktitle="{2015 IEEE Symposium on Security and Privacy}", 
title="{Last-Level Cache Side-Channel Attacks are Practical}", 
year={2015}, 
pages={605--622}, 
month={May}}
@Inbook{Genkin2015,
author="Genkin, Daniel
and Pachmanov, Lev
and Pipman, Itamar
and Tromer, Eran",
editor="G{\"u}neysu, Tim
and Handschuh, Helena",
title="Stealing Keys from PCs Using a Radio: Cheap Electromagnetic Attacks on Windowed Exponentiation",
bookTitle="Cryptographic Hardware and Embedded Systems -- CHES 2015: 17th International Workshop, Saint-Malo, France, September 13-16, 2015, Proceedings",
year="2015",
publisher="Springer Berlin Heidelberg"
}
@inproceedings{Genkin2016,
 author = "{Genkin, Daniel and Pachmanov, Lev and Pipman, Itamar and Tromer, Eran and Yarom, Yuval}",
 title = "{ECDSA Key Extraction from Mobile Devices via Nonintrusive Physical Side Channels}",
 booktitle = "{Proceedings of the 2016 ACM SIGSAC Conference on Computer and Communications Security}",
 year = {2016},
} 
@Inbook{Kocher1996,
author="Kocher, Paul C.",
editor="Koblitz, Neal",
title="{Timing Attacks on Implementations of Diffie-Hellman, RSA, DSS, and Other Systems}",
bookTitle="{CRYPTO '96}",
publisher="Springer Berlin Heidelberg"
}
@misc{X9.62,
author = "{Accredited Standards Committee X9}",
title = "{American National Standard X9.62-2005, 
Public Key Cryptography for the Financial Services Industry, 
The Elliptic Curve Digital Signature Algorithm (ECDSA), November 16, 2005}"
}
@misc{selfie-id,
author="Justin Lee",
title="{MorphoTrust USA launches electronic ID pilot to combat tax fraud in Alabama}",
note="{\url{http://www.biometricupdate.com/201704/morphotrust-usa-launches-electronic-id-pilot-to-combat-tax-fraud-in-alabama}}"
}
@misc{sp800-56C,
author = "Lily Chen",
title = "{Recommendation for Key Derivation through Extraction-then-Expansion}",
note = "{NIST Special Publication 800-56C, November 2011. \url{http://nvlpubs.nist.gov/nistpubs/Legacy/SP/nistspecialpublication800-56c.pdf}}"
}
@misc{pkcs5,
author = "{RSA Laboratories}",
title = "{PKCS \#5: Password-Based Encryption Standard Version 1.5}",
month = nov,
year = 1993
}
@misc{RFC8018,
author = "{K. Moriarty (Ed.), B. Kaliski and A. Rusch}",
title = "{PKCS \#5: Password-Based Encryption Standard Version 1.5}",
month = jan,
year = 2017,
note = "{Informational RFC 8018. \url{https://tools.ietf.org/html/rfc8018}}"
}
@inproceedings{vaudenay-dsa-ecdsa,
author = "Serge Vaudenay",
title = "{The Security of DSA and ECDSA}",
booktitle = "{PKC 2003, LNCS 2567}",
pages = "{309--323}",
editor = "Y. G. Desmedt",
publisher = "Springer-Verlag",
note = "{\url{https://pdfs.semanticscholar.org/5646/d266fcd0472bd188b913f9a7a420d82e8859.pdf}}"
}
@misc{ECC-NSA,
author = "{National Security Agency}",
title = "{Mathematical routines for the NIST prime elliptic curves}",
note = "{April 05, 2010.  Available with a browser security warning at \url{https://www.iad.gov/iad/library/ia-guidance/ia-solutions-for-classified/algorithm-guidance/mathematical-routines-for-the-nist-prime-elliptic-curves.cfm} and without browser warning at \url{http://citeseerx.ist.psu.edu/viewdoc/download?doi=10.1.1.204.9073&rep=rep1&type=pdf}}"
}
@misc{3dsecure-hated,
author = "Miles Brignall",
title = "{MasterCard and Visa to simplify hated verification systems}",
note = "{The Guardian, 13 Nov 2014.  \url{https://www.theguardian.com/money/2014/nov/13/mastercard-visa-kill-off-verification-systems}}"
}
@misc{3dsecure-2-infographic,
author = "{Visa}",
title = "{New and improved 3-D Secure}",
note = "{Originally retrievable from \url{https://www.visaeurope.com/media/pdf/visa-infographic.pdf}.  Retrieved on June 8, 2019 from \url{https://usa.visa.com/dam/VCOM/global/visa-everywhere/documents/visa-3d-secure-2-program-infographic.pdf}.  Archived at \url{https://web.archive.org/web/20190608194449/https://usa.visa.com/dam/VCOM/global/visa-everywhere/documents/visa-3d-secure-2-program-infographic.pdf}.}"
}
@misc{3dsecure-3-webcast,
author = "{EMVCo}",
title = "{EMV 3DS 2.0 Webcast}",
note = "{\url{https://www.youtube.com/watch?v=Recwd2YOTsk&feature=youtu.be}}"
}
@misc{3dsecure-emvco,
author = "{EMVCo\texttrademark}",
title = "{EMV\textsuperscript{\textregistered} 3-D Secure}",
note = "{\url{https://www.emvco.com/emv-technologies/3d-secure/}}"
}
@misc{joint-hash-patent,
author = "Francisco Corella and Karen Lewison",
title = "{Protecting passwords and biometrics against back-end security breaches}",
note = "{US Patent 9,887,989. \url{https://patents.google.com/patent/US9887989B2/}}"
}
@misc{XMLHttpRequest,
title = "{XMLHttpRequest}",
author = "{Mozilla}",
note = "{\url{https://developer.mozilla.org/en-US/docs/Web/API/XMLHttpRequest}}"
}
@misc{FetchAPI,
title = "{Fetch API}",
author = "{Mozilla}",
note = "{\url{https://developer.mozilla.org/en-US/docs/Web/API/Fetch_API}}"
}
@misc{origin-mozilla,
title = "Origin",
author = "{Mozilla}",
note = "{\url{https://developer.mozilla.org/en-US/docs/Web/HTTP/Headers/Origin}}"
}
@misc{web-origin-rfc6454,
title = "{The Web Origin Concept}",
author = "A. Barth",
note = "{IETF RFC 6454.  \url{https://tools.ietf.org/html/rfc6454}}"
}
@misc{3d-secure-laurie,
author = "Ben Laurie",
title = "{More Banking Stupidity: Phished by Visa}",
note = "{March 28, 2009.  \url{https://www.links.org/?p=591}}"
}
@misc{3d-secure-phishing,
author = "{Jonathan Baker-Bates}",
title = "{Phishing with 3-D Secure}",
note = "{13 August 2009.  \url{https://webtorque.org/phishing-with-3-d-secure/}}"
}
@misc{3d-secure-murdoch,
author = "Steven J. Murdoch and Ross Anderson",
title = "{Verified by Visa and MasterCard SecureCode: or, How Not to Design Authentication}",
booktitle="{Financial Cryptography and Data Security}",
year=2010,
publisher="Springer",
pages="336--342"
}
@inproceedings{merkle-tree-paper,
author = "R. C. Merkle",
title = "A Digital Signature Based on a Conventional Encryption Function",
editor = "C. Pomerance",
booktitle = "{Advances in Cryptology --- CRYPTO 1987}",
publisher = "Springer",
note = "{Lecture Notes in Computer Science, vol 293}"
}
@misc{merkle-tree,
author= "Ralf Merkle",
title="Method of providing digital signatures",
note="{US patent 4309569, Jan 5, 1982}"
}
@misc{rfc6962,
author = "B. Laurie and A. Langley and E. Kasper",
title = "{Certificate Transparency}",
note = "{IETF RFC 6962.  \url{https://tools.ietf.org/html/rfc6962}}"
}
@misc{NISTErasureCapability,
author = "{D. Richard Kuhn}",
title = "{A Data Structure for Integrity Protection with Erasure Capability}",
note = "{NIST White Paper (DRAFT), Computer Security Division, Information Technology Laboratory.  May 31, 2018.  \url{https://csrc.nist.gov/publications/detail/white-paper/2018/05/31/data-structure-for-integrity-protection-with-erasure-capability/draft}}"
}
@misc{SET-Spec,
author = "Mastercard and VISA",
title = "{SET Secure Electronic Transaction Specification}",
note = "{Version 1.0, May 1997.  \url{http://www.maithean.com/docs/set_bk1.pdf}, \url{http://www.maithean.com/docs/set_bk2.pdf}, \url{http://www.maithean.com/docs/set_bk3.pdf}}"
}
@misc{SET-Stallings---NOT-AVAILABLE,
author = "William Stallings",
title = "{The SET Standard \& E-Commerce}",
note = "{November 1, 2000.  \url{http://www.drdobbs.com/the-set-standard-e-commerce/184404309#}}"
}
@misc{SET-Stalling---NOT-AVAILABLE,
author = "William Stallings",
title = "{The SET Standard \& E-Commerce}",
note = "{November 1, 2000.  \url{http://www.drdobbs.com/the-set-standard-e-commerce/184404309#}}"
}
@misc{SETCo,
author = "{SET Secure Electronic Transactions LLC}",
title = "{SETCo Main Page}",
note = "{Archived at \url{https://web.archive.org/web/20020802134102/http://www.setco.org/}}"
}
@misc{omitted,
note = "{Temporarily omitted for anonymity}"
}
@misc{algorithm-characterizations,
author = "Wikipedia",
title = "Algorithm characterizations",
note = "{\url{https://en.wikipedia.org/wiki/Algorithm_characterizations}.  Accessed October 30, 2018}"
}
@misc{concrete-security,
author = "M. Bellare and J. Kilian and P. Rogaway",
title = "The Security of the Cipher Block Chaining Message Authentication Code",
note = "Crypto 94"
}
@misc{X509,
title = "{X.509 : Information technology - Open Systems Interconnection - The Directory: Public-key and attribute certificate frameworks}",
note = "{\url{https://www.itu.int/rec/T-REC-X.509-201610-I/en}}"
}
@misc{X680-ASN1,
title = "{X.680 : Information technology - Abstract Syntax Notation One (ASN.1): Specification of basic notation}",
note = "{\url{https://www.itu.int/rec/T-REC-X.680-201508-I/en}}"
}
@misc{X690-BER-CER-DER,
title = "{X.690 : Information technology - ASN.1 encoding rules: Specification of Basic Encoding Rules (BER), Canonical Encoding Rules (CER) and Distinguished Encoding Rules (DER)}",
note = "{\url{https://www.itu.int/rec/T-REC-X.690-201508-I/en}}"
}
@misc{OTCC,
author = "Francisco Corella and Karen Lewison",
title = "{An Omission-Tolerant Cryptographic Checksum}",
note = "{Pomcor technical report \url{https://pomcor.com/techreports/otcc.pdf}.  See also ePrint Archive report 2019/192 \url{https://eprint.iacr.org/2019/192}, last revised March 25, 2019.}"
}

@misc{RichCredentialBlogPost,
author = "Francisco Corella",
title = "{Rich Credentials for Three-Factor Identity Verification without Prior Relationship}",
note = "{\url{https://pomcor.com/2016/10/18/rich-credentials-for-three-factor-identity-verification-without-prior-relationship/}}"
}
%OLD!
misc{RichCredentials,
author = "Karen Lewison and Francisco Corella",
title = "{Rich Credentials for Remote Identity Proofing}",
note = "{Revised June 19, 2017.  \url{https://pomcor.com/techreports/RichCredentials.pdf}}"
}
@misc{RichCredentialsPaper,
author = "Karen Lewison and Francisco Corella",
title = "{Rich Credentials for Remote Identity Proofing}",
note = "{Pomcor technical report, revised July 10, 2017; first version October 15, 2016.  \url{https://pomcor.com/techreports/RichCredentials.pdf}}"
}
@misc{RichCredentialsPatentApp,
author = "Karen Lewison and Francisco Corella",
title = "{Multifactor Privacy-Enhanced Remote Identification Using a Rich Credential}",
note = "{US Patent Application 15/468,100}"
}
@misc{RichCredentialsPatent,
author = "Karen Lewison and Francisco Corella",
title = "{Multifactor Privacy-Enhanced Remote Identification Using a Rich Credential}",
note = "{US Patent 10,567,377}"
}
@misc{3DS1,
author = "{Visa}",
title = "{Visa 3-D Secure 1.0}",
note = "{\url{https://technologypartner.visa.com/Library/3DSecure.aspx}}"
}
@misc{checkout-payment-history,
author = "{Checkout.com}",
title = "{3-D Secure payments}",
note = "{\url{https://docs.checkout.com/docs/3d-secure-payments}}",
archive = "{\url{https://web.archive.org/web/20190610230003/https://docs.checkout.com/docs/3d-secure-payments}}"
}
@misc{FIDO-EMVco-Mobile,
author = "{FIDO Alliance}",
title = "{EMVCo and the FIDO Alliance Collaborate on Mobile Payment Authentication}",
note = "{July 2016.  \url{https://fidoalliance.org/fido-emvco-mou/}}"
}
@misc{FIDO-EMVCo-3DS,
author = "{FIDO Alliance}",
title = "{EMVCo and the FIDO Alliance to Address FIDO Authentication in EMV® 3-D Secure Use Cases}",
note = "{June 2018.  \url{https://fidoalliance.org/emvco-and-the-fido-alliance-to-address-fido-authentication-inemv-3-d-secure-use-cases/}}"
}
@misc{FIDO-EMVCo-W3C,
author = "{FIDO Alliance}",
title = "{EMVCo, FIDO Alliance, and W3C Form Interest Group to Enhance Security and Interoperability of Web Payments}",
note = "{April 2019.  \url{https://fidoalliance.org/emvco-fido-alliance-and-w3c-form-interest-group-to-enhance-security-and-interoperability-of-web-payments/}}"
}
@misc{service-worker,
author = "{W3C}",
title = "{Service Workers}",
note = "{\url{https://www.w3.org/TR/service-workers/}}"
}
@misc{service-worker-API-MDN,
author = "{Mozilla}",
title = "{Service Worker API}",
note = "{\url{https://developer.mozilla.org/en-US/docs/Web/API/Service_Worker_API}}"
}
@misc{using-service-workers-MDN,
author = "{Mozilla}",
title = "{Using Service Workers}",
note = "{\url{https://developer.mozilla.org/en-US/docs/Web/API/Service_Worker_API/Using_Service_Workers}}"
}
@misc{web-extensions-api-MDN,                  
author = "{Mozilla}",
title = "{Browser Extensions}",
note = "{\url{https://developer.mozilla.org/en-US/docs/Mozilla/Add-ons/WebExtensions}}"
}
@misc{browser-extensions,
author = "{W3C}",
title = "{Browser Extensions}",
note = "{\url{https://browserext.github.io/browserext/}}"
}
@misc{pkcs12,
author = "{IETF}",
title = "{PKCS \#12: Personal Information Exchange Syntax v1.1}",
note = "{RFC 7297.  \url{https://tools.ietf.org/html/rfc7292}}"
}
@misc{native-messaging,
author = "{Mozilla}",
title = "{Native messaging}",
note = "{\url{https://developer.mozilla.org/en-US/docs/Mozilla/Add-ons/WebExtensions/Native_messaging}}"
}
@misc{fidoalliance,
author = "{FIDO Alliance}",
title = "{Simpler, Stronger Authentication}",
wnote = "{\url{https://fidoalliance.org/infosecurity-fido-emvco-prep-for-pay-by-selfie-era/}}"
}
@misc{fidospecs,
author = "{FIDO Alliance}",
title = "{Specifications Overview}",
note = "{\url{https://fidoalliance.org/specifications/}}"
}
@misc{bluetooth51,
author = "{Bluetooth SIG}",
title = "{Bluetooth Core Specification version 5.1}",
note = "{Available from \url{https://www.bluetooth.com/specifications/bluetooth-core-specification/}}"
}
@misc{TLS13,
author = "Eric Rescorla",
title = "{The Transport Layer Security (TLS) Protocol Version 1.3}",
note = "{RFC 8446, August 2018.  \url{https://tools.ietf.org/html/rfc8446}}"
}
@inproceedings{frictionless,
author = "Francisco Corella and Karen Lewison",
title = "{Frictionless Web Payments with Cryptographic Cardholder Authentication}",
booktitle = "{Proceedings of the 21st HCI International Conference, HCII 2019}",
volume = "{Late Breaking Papers}",
pages = "468--483",
editor = "C. Stephanidis",
note = "{Author's version available at \url{https://pomcor.com/techreports/frictionless-cardholder-authentication.pdf}}"
}
@misc{SecretImage2017,
author = "Robin Wood",
title = "{Web App Mutual Authentication Fail}",
note = "{June 2017.  \url{https://digi.ninja/blog/mutual_auth.php}}"
}
@misc{SiteKeyVulnerabilities,
author = "Jim Youll",
title = "{Fraud Vulnerabilities in SiteKey Security at Bank of America}",
note = "{July 2006.  Archived at \url{https://web.archive.org/web/20161231004055/http://cr-labs.com/publications/SiteKey-20060718.pdf}}"
}
@book{kolmogorov,
  title={Foundations of the Theory of Probability},
  author="A. N. Kolmogorov",
  publisher={Chelsea Pub. Co.},
  note = "{Second English edition, 1956.  \url{https://books.google.com/books?id=EmetAAAAMAAJ}}"
}
@book{billingsley1979probability,
  title={Probability and Measure},
  author={Billingsley, P. and Karreman Mathematics Research Collection},
  year={1979},
  publisher={Wiley}
}
@book{rosenthal2006first,
  title={A First Look at Rigorous Probability Theory},
  author={Rosenthal, J.S.},
  year={2006},
  publisher={World Scientific}
}
@InCollection{sep-probability-interpret,
author = "{Alan H\'{a}jek}",
title        ={Interpretations of Probability},
booktitle    ={The Stanford Encyclopedia of Philosophy},
editor       ={Edward N. Zalta},
note ={\url{https://plato.stanford.edu/archives/fall2019/entries/probability-interpret/}},
edition      ={Fall 2019},
publisher    ={Metaphysics Research Lab, Stanford University}
}
@InCollection{sep-possible-worlds,
author       ={Menzel, Christopher},
title        ={Possible Worlds},
booktitle    ={The Stanford Encyclopedia of Philosophy},
editor       ={Edward N. Zalta},
note ={\url{https://plato.stanford.edu/archives/win2017/entries/possible-worlds/}},
edition      ={Winter 2017},
publisher    ={Metaphysics Research Lab, Stanford University}
}
@InCollection{sep-logic-modal,
author       ={Garson, James},
title        ={Modal Logic},
booktitle    ={The Stanford Encyclopedia of Philosophy},
editor       ={Edward N. Zalta},
note ={\url{https://plato.stanford.edu/archives/fall2018/entries/logic-modal/}},
edition      ={Fall 2018},
publisher    ={Metaphysics Research Lab, Stanford University}
}
@InCollection{sep-logic-modal-origins,
author       ={Ballarin, Roberta},
title        ={Modern Origins of Modal Logic},
booktitle    ={The Stanford Encyclopedia of Philosophy},
editor       ={Edward N. Zalta},
note ={\url{https://plato.stanford.edu/archives/sum2017/entries/logic-modal-origins/}},
edition      ={Summer 2017},
publisher    ={Metaphysics Research Lab, Stanford University}
}
@InCollection{sep-logic-probability,
author       ={Demey, Lorenz and Kooi, Barteld and Sack, Joshua},
title        ={Logic and Probability},
booktitle    ={The Stanford Encyclopedia of Philosophy},
editor       ={Edward N. Zalta},
note ={\url{https://plato.stanford.edu/archives/sum2019/entries/logic-probability/}},
edition      ={Summer 2019},
publisher    ={Metaphysics Research Lab, Stanford University}
}
@misc{wikipedia-voltaire-poeme,
author = "{Wikipedia}",
title = "{Po\`{e}me sur le d\'{e}sastre de Lisbonne}",
note = "{\url{https://en.wikipedia.org/wiki/Po\%C3\%A8me_sur_le_d\%C3\%A9sastre_de_Lisbonne}.  Accessed July 18, 2020}"}
@misc{voltaire-poeme,
author = "{Voltaire}",
title = "{Po\`{e}me sur le d\'{e}sastre de Lisbonne}",
year = 1956,
note = "{Gallica, Les Essentiels, Litt\'{e}rature.
\url{https://gallica.bnf.fr/essentiels/anthologie/poeme-desastre-lisbonne}.  Retrieved July 19, 2020}"}
@book{2012candide,
  title={Candide},
  author="{F.M. Arouet (Voltaire)}",
  isbn={9780486129129},
  series={Dover thrift editions},
  url={https://books.google.com/books?id=Vn7QtD2yI1IC},
  year={2012},
  publisher={Dover Publications}
}
@book{theorie-des-ensembles,
  author = "Nicolas Bourbaki",
  title = "{Th\'{e}ory des Ensembles}",
  publisher = "{Diffusion CCLS}",
  year = 1970
}
@article{bourbaki-structure,
 author = {Leo Corry},
 journal = {Synthese},
 number = {3},
 pages = {315--348},
 publisher = {Springer},
 title = {Nicolas Bourbaki and the Concept of Mathematical Structure},
 volume = {92},
 year = {1992}
}
@article{AIHP_1948__10_4_215_0,
author = {Fr\'echet, Maurice Ren\'e},
title = {Les \'el\'ements al\'eatoires de nature quelconque dans un espace distanci\'e},
journal = {Annales de l'institut Henri Poincar\'e},
volume = {10},
number = {4},
year = {1948},
pages = {215-310},
url = {http://www.numdam.org/item/AIHP_1948__10_4_215_0}
}
@book{Mises1931,
author = "{Richard von Mises}",
title = "{Wahrscheinlichkeitsrechnung und ihre Anwendungen in der Statistik und theoretischen Physik}",
year = 1931,
note = "{Published in 1945 by Rosenberg, NY under authority of the United States Alien Property Custodian.  Available from AbeBooks.com}"
}
@article{adv-pert-review,
author    = {Han Xu and
Yao Ma and
Haochen Liu and
Debayan Deb and
Hui Liu and
Jiliang Tang and
Anil K. Jain},
title     = {Adversarial Attacks and Defenses in Images, Graphs and Text: {A} Review},
journal   = {Int. J. Autom. Comput.},
volume    = {17},
number    = {2},
pages     = {151--178},
year      = {2020},
url       = {https://doi.org/10.1007/s11633-019-1211-x},
doi       = {10.1007/s11633-019-1211-x},
timestamp = {Fri, 31 Jul 2020 15:55:49 +0200},
biburl    = {https://dblp.org/rec/journals/ijautcomp/XuMLDLTJ20.bib},
bibsource = {dblp computer science bibliography, https://dblp.org}
}
@article{adv-pert-detection-review,
author    = {Nicholas Carlini and
David A. Wagner},
title     = {Adversarial Examples Are Not Easily Detected: Bypassing Ten Detection
Methods},
journal   = {CoRR},
volume    = {abs/1705.07263},
year      = {2017},
url       = {http://arxiv.org/abs/1705.07263},
archivePrefix = {arXiv},
eprint    = {1705.07263},
timestamp = {Mon, 13 Aug 2018 16:46:30 +0200},
biburl    = {https://dblp.org/rec/journals/corr/CarliniW17.bib},
bibsource = {dblp computer science bibliography, https://dblp.org}
}
@misc{EnterpriseTransportSecurity,
author = "{European Telecommunications Standards Institute (ETSI)}",
title = "{CYBER; Middlebox Security Protocol; Part 3: Enterprise Transport Security}",
note = "{ETSI TS 103 523-3 V1.2.1 (2019-03) \url{https://www.etsi.org/deliver/etsi_ts/103500_103599/10352303/01.02.01_60/ts_10352303v010201p.pdf}}"
}
@misc{NIST-DLC-draft,
author = "Lily Chen and Dustin Moody and Andrew Regenscheid and Karen Randall",
title = "{Recommendations for Discrete Logarithm-Based Cryptography}",
month = "October",
year = 2019,
note = "{\url{https://csrc.nist.gov/publications/detail/sp/800-186/draft}}"
}
@misc{VisibilityWorkshop,
author = "{NIST}",
title = "{RESCHEDULED: Virtual Workshop on Challenges with Compliance, Operations, and Security with Encrypted Protocols, in Particular TLS 1.3}",
note = "{\url{https://www.nccoe.nist.gov/events/rescheduled-virtual-workshop-challenges-compliance-operations-and-security-encrypted}}"
}
@misc{FirstVisibilityBlogPost,
author = "Francisco Corella",
title = "Reconciling Forward Secrecy with Network Traffic Visibility in Enterprise Deployments of TLS 1.3",
note = "{September 25, 2020.  \url{https://pomcor.com/2020/09/25/reconciling-forward-secrecy-with-network-traffic-visibility-in-enterprise-deployments-of-tls-1-3/}}"
}
@misc{AWS-server-port-mirroring,
author = "{Amazon Web Services}",
title = "{What is Port Mirroring?}",
note = "{\url{https://docs.aws.amazon.com/vpc/latest/mirroring/what-is-traffic-mirroring.html}}"
}
@misc{rfc8032,
author = "{S. Josefsson and I. Liusvaara}",
title = "{Edwards-Curve Digital Signature Algorithm (EdDSA)}",
note = "{RFC 8032, January 2017.  \url{https://tools.ietf.org/html/rfc8032}}"
}
@misc{rfc7919,
author = "D. Gillmor",
title = "{Negotiated Finite Field Diffie-Hellman Ephemeral Parameters for Transport Layer Security (TLS)}",
note = "{RFC 7919, August 2016.  \url{https://tools.ietf.org/html/rfc7919}}"
}
@misc{rfc5116,
author = "D. McGrew",
title = "{An Interface and Algorithms for Authenticated Encryption}",
note = "{RFC 5116, January 2008.  \url{https://tools.ietf.org/html/rfc5116}}"
}
@misc{RFC5869,
author = "H. Krawczyk and P. Eronen",
title = "{HMAC-based Extract-and-Expand Key Derivation Function (HKDF)}",
note = "{RFC 5869, May 2010.  \url{http://tools.ietf.org/html/rfc5869}}"
}
@misc{local-storage,
author = "{W3C}",
title = "{Web Storage (Second Edition)---W3C Recommendation 19 April 2016}",
note = "{\url{https://www.w3.org/TR/webstorage/}}"
}
@misc{DSS-4,
author = "{NIST}",
title = "{Digital Signature Standard (DSS)}",
year = 2013,
month = "July",
note = "{FIPS PUB 186-4, \url{http://nvlpubs.nist.gov/nistpubs/FIPS/NIST.FIPS.186-4.pdf}}"
}
@article{ECDSACerticom,
 author = {Johnson, Don and Menezes, Alfred and Vanstone, Scott},
 title = {The Elliptic Curve Digital Signature Algorithm (ECDSA)},
 journal = {Int. J. Inf. Secur.},
 volume = {1},
 number = {1},
 month = aug,
 year = {2001},
 pages = {36--63},
 publisher = {Springer-Verlag}
} 
